4142 6175
764 824 773 839 .
835 735 1355 926 nannenus

358 1230 612 1319 OPERUM
634 1233 775 1347 QUAE
802 1231 864 1318 IN
890 1233 1014 1321 HOC
1042 1237 1357 1327 VOLUMINE
1386 1243 1828 1332 CONTINENTUR.

553 1643 1598 1697 wow-

331 2371 479 2457 Epistola
492 2374 698 2442 dedicatoria.

330 2477 583 2541 Baliariniorum
601 2480 758 2545 Praefatio.
834 2470 838 2476 ’
864 2487 867 2494 ’

329 2579 585 2645 Dissertationes
599 2581 639 2646 de
657 2584 865 2660 tractatibus,
878 2583 1025 2650 doctrina
1043 2590 1074 2649 et
1090 2586 1178 2650 enitn
1196 2587 1228 2650 S.
1245 2590 1395 2653 Zenonis.

329 2679 540 2746 Monumenta
554 2682 598 2746 de
608 2684 639 2746 S.
656 2686 798 2748 Zenone.

333 2786 506 2847 Tractatus
523 2785 556 2846 S.
572 2786 723 2847 Zenonis.

333 2883 504 2965 Appendix
521 2884 626 2964 prima
639 2887 858 2965 complectens
871 2903 972 2968 opera
989 2888 1021 2950 S.
1038 2890 1160 2954 Zenoni
1180 2906 1349 2969 perperam
1365 2891 1498 2953 tributa.

333 2987 503 3070 appendix
517 2988 661 3054 seeundo
677 2989 895 3070 complectens
912 2990 994 3053 duos
1008 2990 1049 3053 de
1063 2991 1272 3053 sermonibus
1284 2998 1315 3053 et
1329 2993 1485 3074 dtnrtyrio
1502 2993 1533 3055 S.
1553 2994 1613 3056 Zu-

372 3094 469 3158 uonis
485 3093 600 3171 libros,
615 3111 689 3159 oum
706 3093 825 3177 duplici
841 3094 1066 3160 dissertatione
1083 3094 1162 3175 ipsis
1177 3095 1361 3175 subjuncta.

898 3327 945 3402 S.
984 3324 1243 3401 OPTATUS.

336 3546 486 3613 Prostatio
497 3520 640 3630 Dupiuii.

336 3652 535 3718 Testimonia
547 3653 587 3717 de
600 3652 730 3735 Optato.

335 3755 479 3819 Historia
496 3755 752 3821 Donatistarum.

335 3858 367 3920 S.
386 3856 497 3938 Optati
514 3857 588 3919 iibri
603 3862 725 3938 septem
736 3857 775 3921 de
789 3856 969 3922 Schismate
980 3857 1238 3923 Donatistarum.

335 3960 544 4025 Praeiationes
560 3960 727 4025 Francisoi
745 3958 895 4024 Balduiui
911 3957 952 4023 ad
968 3958 1105 4039 primam
1119 3958 1291 4023 editionon
1309 3957 1429 4039 Optati.

336 4061 570 4145 annotationes
587 4060 745 4142 ejusdem.

335 4163 532 4245 sturmioni
550 4164 808 4229 observationes.

337 4265 548 4331 Monumenta
562 4270 671 4330 vetera
687 4267 728 4330 ad
748 4263 926 4329 Historiam
939 4264 1181 4329 Donatistarum
1195 4261 1400 4344 pertinentia.

336 4371 434 4435 Gesta
458 4370 648 4436 Collationis
676 4370 961 4453 carthaginensis,
985 4387 1084 4452 quam
1102 4376 1284 4450 sequuntur
1306 4370 1448 4434 Historia
1471 4368 1614 4449 ejusdem

376 4471 579 4550 Collatioois,
591 4479 724 4539 auctoru
739 4474 909 4553 Daiduino,
923 4491 983 4538 neo
998 4492 1062 4561 non
1078 4472 1366 4555 ludicesanaiytici
1383 4490 1455 4537 cum
1471 4471 1609 4535 Zenonis

378 4580 446 4636 tnur
463 4570 573 4655 Opiati
586 4591 731 4654 operum.
