4142 6175
251 244 303 324 irs
936 254 1204 317 ruotueonsnn.
1277 254 1284 261 ·
1847 267 1898 328 ne

251 387 299 457 nui
310 384 474 442 celebriores
488 381 573 444 luere.
587 378 711 450 contigit,
726 386 755 433 ιιι
765 378 826 434 aliis
840 391 946 448 quoque
960 377 987 431 io
1002 391 1049 430 ur·
1062 375 1087 437 Α
1100 383 1127 429 ιι
1149 371 1269 428 Lotlmrii
1295 372 1476 444 Augustorum
1502 382 1530 431 ιι
1553 374 1739 446 Erotirrgardis
1761 379 1899 450 Augustae,

250 479 330 535 bibus
351 485 432 547 atrpue
447 471 592 545 provinciis
611 471 776 528 colerentur.
796 469 834 525 Ne
856 469 970 539 cuipiam
986 482 1048 523 sau-
1100 480 1180 537 qnem
1195 464 1280 520 edidit
1294 464 1454 522 vrattciscus
1466 466 1643 523 Blnrtcbinins
1657 468 1684 524 in
1700 469 1904 542 prolegomenis

249 581 357 626 ciorum
372 583 404 624 ιιι
418 563 620 637 cotnparatione
634 562 730 634 injuria
746 563 800 628 liat,
813 563 948 618 neminem
962 560 1050 615 nomi·
1101 559 1134 614 ad
1158 559 1341 626 Anastasinm,
1363 570 1429 617 tom.
1446 577 1492 629 nr,
1516 578 1577 635 pag.
1595 563 1639 626 51,
1666 561 1725 619 bec
1751 565 1877 637 leguntur
1895 584 1902 622 :

251 677 367 720 nunnus:
381 670 409 716 ιι
422 658 493 731 qrrod
516 656 727 724 affirmavimus,
749 654 937 724 antiquitatum
958 652 1049 708 eccle·
1102 651 1218 718 Ennndi,
1235 651 1369 708 Cirriste...
1384 663 1472 710 sterno
1497 655 1539 721 itt,
1562 672 1578 709 n
1601 654 1654 711 ileo
1674 659 1754 712 eiecto
1777 657 1905 731 Pontificc

251 758 420 816 siasticarum
434 753 530 824 peritis
545 750 795 823 exploratissimum
812 756 863 804 est.
878 745 946 804 lllud
966 760 1049 801 unum
1106 746 1175 804 vito.
1189 746 1248 804 ill.
1269 748 1302 804 S.
1327 745 1424 804 Finne.
1442 735 1641 822 despondetur:
1654 749 1694 804 Ta
1706 750 1781 806 iliani
1796 753 1904 824 adjura.

229 915 233 924 .
250 851 278 904 in
293 862 350 903 rent
365 853 484 901 nostram
499 842 601 898 nemini
615 841 776 913 injuriosum
791 838 957 895 constituere
969 836 1051 909 bujos
1104 841 1134 897 S.
1153 841 1273 897 Proculo.
1300 841 1503 912 despondetur:
1527 841 1566 897 vu
1587 841 1663 897 iiiam
1683 843 1790 916 edinen
1807 845 1906 912 Sancte

252 951 296 998 est
309 939 419 1009 capitis,
431 937 461 995 S.
471 937 609 993 Zenonem
623 935 762 991 interillos
775 933 870 999 luisse,
881 946 950 1004 qrtos
962 930 1052 988 omni·

252 1036 303 1092 bus
317 1033 447 1107 precipui
468 1032 558 1088 cultus
579 1028 741 1086 testimoniis
756 1025 902 1096 antiquitas
918 1025 996 1094 longe
1006 1023 1051 1078 ls-

253 1139 334 1201 tenuc
350 1137 493 1202 prosecuta
506 1124 672 1201 [cxttrlcsm
687 1121 758 1192 ‹puod
767 1137 800 1178 eo
811 1120 940 1192 majorem
951 1118 1010 1190 ejus
1024 1116 1052 1172 ln

254 1222 367 1296 gloriam
380 1219 462 1287 cedit,
483 1219 506 1274 si
519 1219 659 1274 conlcssor
670 1223 784 1277 rantum,
809 1227 861 1268 non
876 1219 977 1283 martyr
991 1208 1052 1276 tnta,

252 1331 316 1374 cour
331 1316 374 1371 vis
386 1314 431 1369 ulli
447 1311 606 1376 corriessnri,
622 1309 670 1365 sed
692 1308 777 1363 solum
793 1304 930 1361 urinarullis
952 1309 1054 1374 marty·

253 1410 330 1467 ribus
351 1407 409 1463 lere
420 1403 574 1473 coritigerit,
590 1409 619 1457 ut
637 1400 756 1471 antiquis
778 1396 945 1468 temporibus
963 1391 1054 1449 cultos

254 1511 331 1559 ιιιιι
346 1497 484 1569 proprium
508 1496 596 1552 solurn
619 1494 731 1550 latiores
752 1491 852 1546 limites
879 1486 1051 1559 produceret.

257 1596 330 1652 luter
354 1594 443 1651 cultus
459 1589 611 1648 testimonia
624 1603 685 1660 quoe
700 1587 776 1657 plura
791 1582 928 1641 recenseri
940 1585 1053 1651 queunt,

253 1690 532 1764 baecpraecipuasunt:
545 1680 851 1742 eeclesiaruminsaneti
862 1676 972 1734 nomine
980 1672 1056 1730 dedi·

1103 932 1183 989 Zeno.
1201 932 1240 988 vn
1254 935 1331 988 iiinnt
1353 934 1459 1006 adjuro.
1477 933 1554 990 lione
1577 933 1749 993 veronenses
1773 939 1837 994 olim
1859 955 1907 1011 pa-

1105 1035 1212 1082 tronum
1237 1027 1290 1082 sibi
1305 1026 1452 1084 maxitnum
1473 1028 1625 1103 elegorum,
1649 1030 1721 1087 unde
1741 1046 1757 1086 a
1777 1031 1907 1091 liatlnerio

1104 1120 1233 1192 episcopo
1256 1121 1283 1176 1ιι
1299 1122 1475 1193 Apolngetico
1491 1138 1552 1194 pag.
1579 1123 1642 1190 366,
1659 1133 1726 1181 tom.
1743 1141 1752 1180 ι
1768 1125 1908 1199 spicilegii
1956 1169 1961 1180 .

1105 1213 1260 1281 behemani,
1275 1215 1413 1286 peculiaris
1434 1225 1520 1271 noster
1532 1208 1675 1288 petronus,·
1696 1227 1724 1273 et
1737 1216 1764 1273 iu
1778 1219 1907 1290 synodica

1105 1307 1138 1363 ad
1153 1309 1327 1381 presbyteros
1340 1323 1401 1380 pag.
1422 1309 1487 1374 377,
1503 1309 1623 1377 specialis
1634 1320 1720 1366 noster
1731 1314 1822 1368 donor
1831 1323 1909 1386 mose

1105 1402 1223 1472 provisor
1235 1410 1357 1457 secatur.
1371 1400 1487 1457 Ciuitatis
1508 1401 1615 1459 verente
1628 1417 1751 1475 patronus
1762 1417 1838 1477 etque
1857 1426 1908 1479 prta

1106 1496 1224 1551 bernntor
1238 1497 1364 1553 similiter
1378 1496 1478 1553 dieitur
1492 1499 1518 1552 in
1533 1498 1650 1556 Otlronis
1666 1503 1840 1571 imperatoris
1853 1507 1908 1577 pri·

1105 1585 1213 1657 vilugio,
1229 1602 1275 1643 an.
1291 1586 1354 1644 988.
1369 1587 1440 1656 apud
1455 1588 1608 1661 Ugltellium
1630 1609 1690 1663 png.
1705 1592 1769 1659 715,
1786 1594 1824 1650 uti
1838 1605 1866 1652 ct
1879 1597 1907 1653 in

1106 1676 1161 1731 alio
1173 1692 1219 1731 an.
1236 1677 1298 1743 996,
1316 1692 1378 1750 pag.
1394 1678 1457 1749 itti,
1474 1680 1501 1736 in
1517 1683 1615 1752 quibus
1627 1685 1750 1755 utrisque
1766 1685 1907 1745 veronen·

252 1787 335 1851 ιιιίιι,
347 1782 435 1839 cilicio
456 1796 488 1837 ac
501 1779 591 1835 misse
605 1777 733 1849 proprie,
750 1774 810 1844 ejus
831 1786 931 1828 nomen
956 1767 984 1826 in
1004 1765 1055 1823 Ca·
1070 1769 1094 1830 Β
1107 1770 1145 1825 ιιι
1171 1771 1315 1841 episcopus
1331 1770 1451 1829 vicarius
1466 1773 1486 1830 S
1492 1817 1495 1825 .
1510 1774 1623 1831 Zenonis
1636 1779 1751 1835 bonoris
1764 1795 1845 1838 causa
1860 1798 1910 1839 nn·

251 1893 351 1935 nonem
365 1891 398 1931 ac
410 1874 517 1930 litanias
532 1871 675 1931 inscrtum.
689 1875 718 1924 ct
735 1865 761 1922 id
774 1864 882 1936 generis
896 1862 947 1918 alia
968 1878 974 1914 ε
995 1871 1056 1928 quse

252 1971 322 2027 side
346 1969 455 2025 Zenone
480 1973 575 2022 nostro
599 1961 689 2020 omnia
710 1959 765 2031 jam
791 1956 855 2013 inde
877 1955 912 2011 ab
938 1953 1056 2021 antinuis

253 2064 420 2138 temporibus
435 2070 462 2117 ιι
474 2059 592 2117 veronus
616 2063 644 2111 et
669 2053 734 2110 alibi
757 2050 891 2107 latissime
910 2054 1056 2118 propagata

253 2155 392 2213 trontmllis
419 2154 535 2223 antiquis
547 2159 575 2207 ιι
587 2150 669 2205 certis
681 2145 851 2202 documentis
863 2139 1055 2204 statuerimus;

253 2248 288 2305 od
302 2247 402 2304 cultum
418 2254 447 2301 et
456 2243 628 2300 sanctitatem
639 2238 699 2309 ejus
715 2237 847 2306 insignem
862 2231 1054 2288 demonstran·

254 2344 317 2400 dam
331 2340 398 2398 nibil
411 2336 618 2396 desiderabitur.
629 2333 667 2389 lie
681 2323 741 2403 ejus
754 2329 826 2385 cultu
838 2324 909 2399 opud
922 2322 1056 2381 veronam

256 2439 372 2511 primum
388 2434 518 2494 dicamus.

292 2531 382 2587 Multae
410 2524 533 2598 inprimis
554 2520 679 2578 ecclesie
702 2525 758 2572 tom
783 2514 810 2569 in
836 2511 924 2577 urbe,
949 2517 1005 2564 tuna
1028 2506 1057 2561 in

255 2621 368 2681 diecesi
389 2615 541 2676 veronensi
564 2613 594 2670 S·
617 2609 734 2667 Zenonis
748 2606 824 2661 titulo
848 2609 1056 2671 nuncupantur,

255 2731 323 2789 guas
346 2723 490 2769 numerare
510 2706 590 2762 nimis
606 2711 680 2760 esset
700 2698 820 2769 lougutn.
848 2695 982 2750 Praeterea
1003 2700 1058 2745 tres

255 2807 317 2863 lesti
332 2803 429 2860 diesin
443 2796 565 2872 ejrrsdem
579 2793 670 2850 Sanni
692 2787 851 2846 memoriam
869 2786 990 2841 celebres
1010 2797 1059 2853 per

257 2900 335 2971 plura
348 2895 446 2952 secula
461 2892 489 2948 in
503 2886 621 2958 anitiquis
633 2881 817 2942 monumentis
831 2887 970 2938 tentantur,
990 2887 1059 2944 quos

258 2991 374 3049 sirlemoi
387 2990 440 3046 ritu
453 2982 619 3044 veronensis
641 2979 761 3035 Ecclesia
776 2974 920 3047 quotamis
934 2968 1057 3043 peregit:
1079 3011 1082 3018 ι

256 3083 345 3159 pridie
356 3081 420 3162 ldus
432 3079 533 3151 Aprilis
543 3074 669 3148 depositio
681 3071 713 3129 S.
729 3069 852 3134 Zenonis,
866 3063 972 3123 anal.
984 3062 1057 3120 lunii

1107 1865 1235 1921 minatur.
1262 1864 1291 1921 ln
1307 1868 1441 1936 prooemin
1460 1878 1621 1925 statutorum
1647 1871 1840 1931 veronensium
1864 1893 1910 1946 pa-

1107 1956 1187 2019 troni,
1202 1957 1353 2027 protectoris
1368 1968 1395 2013 ιι
1409 1957 1553 2026 defensoris
1568 1961 1722 2019 nominibus
1738 1966 1908 2036 appellutnr;

1108 2063 1274 2120 magnusque
1287 2049 1375 2106 cidem
1389 2051 1479 2108 cultus
1490 2053 1593 2125 aliquot
1602 2055 1627 2110 io
1639 2057 1774 2128 capitibus
1786 2061 1909 2131 eiusdem

1108 2141 1206 2198 Statori
1221 2143 1339 2215 aliisque
1352 2146 1379 2201 iu
1391 2145 1518 2215 portibus,
1536 2149 1574 2203 nti
1592 2161 1698 2218 nocant,
1713 2168 1780 2225 quas
1793 2155 1820 2210 in
1835 2155 1910 2214 Ciri-

1107 2237 1169 2292 tatis
1188 2238 1349 2293 cancellaria
1366 2240 1460 2297 sistere
1476 2241 1550 2306 licet,
1575 2241 1702 2301 decretus
1727 2263 1836 2318 semper
1850 2251 1910 2307 luit.

1108 2330 1228 2386 Tandem
1245 2333 1409 2404 precipuum
1419 2332 1587 2391 Veronensis
1600 2337 1731 2394 Ecclesiae
1745 2341 1827 2397 ritum
1839 2359 1911 2401 rtttnc

1108 2436 1217 2492 quonue
1232 2424 1368 2493 rigentem
1384 2436 1480 2482 notare
1500 2427 1574 2489 libet,
1600 2429 1728 2487 nimirum
1750 2432 1780 2488 S.
1794 2433 1912 2493 Zenonis

1108 2518 1396 2573 commemorationem
1418 2519 1475 2575 lieri
1496 2535 1511 2575 a
1524 2518 1639 2579 Clericis
1654 2525 1839 2592 secularibus,
1855 2539 1911 2586 ιιι

1110 2610 1291 2694 Regrtlaribus
1304 2614 1446 2685 attinens
1458 2631 1540 2672 sexus
1549 2617 1575 2673 in
1585 2618 1723 2676 llntutiois
1733 2630 1761 2678 ιι
1773 2622 1911 2695 vesperis,

1110 2719 1170 2758 cunr
1182 2703 1309 2776 snliragia
1323 2706 1482 2772 recitantur,
1500 2723 1550 2765 nec
1564 2725 1617 2765 nnn
1632 2712 1658 2766 in
1674 2710 1829 2770 collectae
1849 2733 1914 2771 enn-

1110 2795 1158 2849 ctis
1173 2807 1233 2864 post
1248 2797 1440 2865 Apostolorum
1456 2798 1530 2854 Petri
1545 2808 1572 2856 ιι
1589 2800 1662 2857 Ριιι11
1675 2809 1915 2863 commemoratio·

1111 2903 1173 2942 nem
1189 2904 1196 2941 :
1212 2888 1257 2958 qui
1281 2888 1350 2945 ritus
1373 2900 1525 2961 praneptns
1544 2908 1560 2949 ι
1581 2893 1624 2951 Jo.
1650 2895 1776 2953 llattbaeo
1799 2897 1914 2956 Gilrerto

1111 2980 1240 3048 episcopo
1265 2979 1292 3034 in
1305 2978 1561 3048 constitutionibus,
1588 2987 1630 3040 tit.
1643 2986 1671 3050 Ξ,
1691 3003 1752 3059 cup.
1768 2989 1796 3052 2.
1809 2990 1916 3049 duobus
1954 3011 1960 3018 ’

1111 3073 1218 3129 suculis
1231 3081 1294 3131 anie
1303 3061 1378 3132 et'eo
1391 3077 1508 3149 amplius
1520 3078 1548 3136 in
1562 3080 1743 3154 synodalibus
1759 3101 1825 3142 rrtss.
1840 3087 1915 3146 'llic-

258 3178 381 3252 ejusdem
398 3172 545 3238 translatio,
570 3177 598 3226 ιι
610 3183 635 3223 ιι
650 3166 689 3223 ld.
708 3162 864 3221 Decembris
879 3160 907 3216 in
925 3153 1095 3231 aliqrnbusC
1111 3165 1183 3221 bddi
1201 3169 1321 3238 episcopi
1342 3170 1582 3241 constitutionibus
1601 3191 1616 3229 a
1634 3174 1714 3232 Petro
1729 3177 1869 3250 Scaligern
1883 3181 1911 3237 in

258 3269 442 3328 monumentis
458 3264 490 3322 S.
502 3262 614 3319 Zenonis
625 3258 768 3324 dedicatio,
782 3256 825 3310 rel
847 3252 1015 3317 consecratio,
1031 3248 1060 3304 in
1111 3257 1163 3313 alia
1177 3256 1289 3329 synodo
1311 3259 1479 3318 coollrmatis
1499 3267 1674 3337 praescriptus
1692 3268 1807 3341 legitor,
1829 3280 1859 3328 ut
1879 3289 1915 3331 ex

256 3365 394 3436 plerisque
404 3366 494 3414 autem
511 3354 638 3411 dedicatio
654 3349 767 3406 basilice
781 3347 812 3404 S.
824 3345 936 3401 Zenonis
950 3344 998 3411 ,·in
1009 3341 1060 3397 bac
1111 3350 1296 3405 proponentis
1304 3351 1481 3427 subjiciendis
1492 3358 1606 3426 patebit.
1620 3359 1658 3415 Ειι
1673 3361 1715 3417 bis
1728 3364 1805 3430 satis,
1818 3376 1847 3422 ut
1856 3383 1917 3424 ere·

259 3462 350 3511 autern
377 3449 489 3507 basilica
511 3454 636 3519 quartum
658 3441 757 3497 lestum
781 3436 954 3494 ordinationis
969 3433 1061 3503 adjec-
1111 3439 1212 3510 dimus,
1222 3440 1316 3514 colligi
1329 3453 1428 3513 potest,
1438 3458 1538 3517 quanto
1551 3449 1577 3504 in
1593 3450 1698 3509 ironere
1712 3454 1740 3510 S.
1758 3455 1831 3511 'detto
1841 3460 1913 3529 apud

261 3556 330 3610 tum,
345 3541 417 3615 quod
438 3553 509 3597 nunc
522 3534 701 3594 dedicationis
720 3531 789 3588 iesto
804 3530 978 3599 subrogatum
990 3525 1063 3582 cele-
1112 3533 1284 3592 Veronenses
1304 3538 1369 3593 olim
1390 3538 1487 3607 inrerit3
1514 3544 1695 3618 cutndemque
1709 3551 1812 3607 cultum
1840 3569 1914 3611 nune

260 3639 367 3704 bratur,
382 3650 434 3706 qua
449 3634 485 3689 de
495 3646 526 3688 re
536 3629 658 3702 pluribus
670 3626 737 3682 diss.
752 3641 771 3690 r,
784 3638 844 3695 cap.
858 3622 889 3689 5,
904 3621 918 3695 p
933 3621 961 3686 5,
972 3629 1000 3678 ιι
1012 3620 1063 3675 lrac
1113 3641 1221 3698 quinque
1232 3626 1313 3684 iidem
1325 3630 1510 3700 conletentcs,
1525 3639 1713 3707 processiones
1725 3657 1787 3698 cunt
1800 3645 1918 3704 oblatio·

217 3754 221 3763 ·
259 3732 327 3791 diss.
343 3742 403 3801 cap.
417 3744 437 3793 t,
451 3725 505 3801 ξι.
520 3724 622 3790 missae,
635 3721 738 3794 bymni,
752 3716 919 3803 atatiphopoc,
935 3715 1061 3772 bencdic-
1115 3719 1195 3775 nibus
1217 3719 1250 3776 ad
1266 3719 1357 3797 [exst]
1373 3724 1432 3794 eins
1458 3727 1610 3797 basilicam,
1636 3733 1681 3789 ubi
1692 3750 1799 3792 sacrum
1815 3753 1914 3811 corpus

261 3827 358 3894 tiones,
374 3821 514 3892 suilragia,
529 3814 757 3892 responsoriague
771 3815 898 3883 leguntur
910 3810 1019 3883 propria
1035 3809 1064 3865 in
1114 3811 1240 3882 quiescit,
1253 3816 1330 3870 statis
1342 3814 1439 3873 diebus
1460 3817 1573 3891 iaciunt,
1594 3839 1626 3880 ac
1639 3825 1795 3886 idemtidem
1806 3846 1841 3887 eo
1857 3840 1915 3889 tota

262 3928 363 3975 trostrae
377 3913 508 3971 Ecclesisc
522 3925 588 3967 mss.
611 3908 698 3995 libris,
715 3922 776 3978 quse
796 3906 867 3961 inter
888 3914 1063 3960 monumenta
1115 3903 1209 3959 civitas
1222 3921 1317 3978 tnagnn
1339 3922 1401 3965 cunt
1413 3911 1563 3984 frequentia
1577 3917 1700 3989 canduit,
1718 3933 1747 3978 ut
1760 3927 1849 3997 magni
1870 3906 1918 3999 1ιέιῖ

263 4007 379 4067 inlerios
391 4003 591 4061 describentur.
609 4000 637 4056 lu
657 3995 882 4055 Sacratncutariis
904 4005 993 4050 autent
1015 3993 1065 4049 tri·
1116 3997 1188 4051 troni
1199 4011 1278 4067 opem
1291 3999 1343 4056 sibi
1357 4002 1383 4058 in
1394 4006 1559 4074 egestatibus
1572 4012 1644 4081 apud
1654 4013 1738 4070 ileum
1750 4015 1905 4092 interponat

262 4104 316 4161 bus
328 4119 344 4159 tr
357 4099 450 4158 seculi
466 4098 549 4154 missa
568 4095 598 4152 S.
616 4092 736 4151 Zenonis
754 4091 861 4163 propria
874 4104 936 4144 com
957 4087 1066 4159 propria
1908 4061 1917 4079 ‘

263 4198 329 4254 item
353 4193 439 4266 ipsius
463 4189 625 4263 prelatione
650 4186 817 4249 continetur,
843 4198 957 4253 duorum
982 4196 1066 4238 utrum

264 4280 461 4360 liege'Otbone
482 4279 666 4350 etWollango
681 4278 809 4349 episcopo
833 4276 975 4347 scriptum,
999 4274 1067 4329 mis·

264 4396 322 4439 sain
338 4379 368 4436 S.
384 4375 503 4433 Zenonis
514 4372 602 4444 primo
614 4373 674 4426 loco
689 4371 803 4440 positam
817 4369 908 4424 aurcis
927 4366 1069 4424 clraracte·
1154 4364 1190 4420 dt
1201 4367 1484 4440 notrvcrouscsolnm,
1496 4373 1531 4432 de
1544 4379 1916 4462 girarebuspreclaregestis

265 4474 341 4529 ribus
364 4468 528 4538 descriptam
552 4466 670 4535 praelert.
695 4459 814 4517 Zenonis
839 4473 938 4516 nornen
964 4458 1068 4516 canoni
1121 4456 1384 4519 benenreritissimos
1397 4462 1458 4533 luit,
1468 4470 1604 4541 precipuo
1613 4473 1686 4529 ente„
1695 4476 1724 4534 s,
1739 4477 1815 4538 geno
1828 4498 1922 4553 prose,

267 4565 339 4621 inter
357 4561 528 4618 cnrrlessores
551 4557 682 4612 insertum
703 4554 818 4624 quatuor
831 4551 1069 4608 Sacramentorum
1083 4550 1110 4612 D
1122 4561 1202 4607 cutus
1214 4561 1267 4620 est,
1277 4554 1324 4610 sed
1337 4558 1408 4626 apud
1420 4560 1486 4615 nlius
1500 4577 1554 4619 nnn
1566 4576 1620 4621 tam
1635 4569 1763 4628 linitimas
1785 4592 1865 4647 quam
1877 4596 1921 4637 re-

266 4658 330 4715 iibri
352 4654 492 4719 esbibent,
511 4666 625 4723 ortorum
641 4648 805 4705 mentionem
821 4646 934 4703 lecimus
954 4660 1014 4715 cap.
1038 4645 1068 4714 2,
1123 4650 1211 4699 motas
1223 4646 1305 4702 etiam
1319 4648 1442 4708 civitates
1454 4661 1535 4726 sintne
1552 4663 1705 4729 provincias
1718 4706 1726 4731 ,
1740 4618 1796 4736 jana
1811 4670 1873 4728 iude
1886 4675 1921 4732 ab

1119 4132 1133 4206 5
1147 4131 1179 4214 ll.
1188 4133 1321 4191 -Cnlttts
1335 4136 1366 4194 S.
1378 4137 1491 4199 Zenonis
1504 4161 1583 4217 ganan
1594 4148 1646 4205 iate
1658 4152 1685 4207 in
1699 4151 1758 4208 aliis
1769 4152 1856 4215 italie
1867 4159 1921 4218 1ιι-

1363 4232 1449 4291 cleriir
1462 4251 1619 4312 propagatas
1629 4245 1673 4301 sit.

269 4750 326 4826 ξι,
341 4757 369 4805 ιι
384 4758 438 4803 tres
450 4760 483 4801 et
499 4744 542 4799 lais
556 4740 728 4812 capitolares
739 4754 792 4794 non
808 4749 862 4793 tarn
876 4738 904 4793 in
919 4737 1070 4794 donimani-

267 4854 365 4910 cnntss,
379 4830 459 4914 quum
475 4848 536 4907 prist
549 4836 699 4892 orationem
713 4832 877 4889 [lontiuicem
888 4832 1012 4889 eumdem
1030 4833 1071 4888 in·

269 4948 368 4999 uocant
381 4935 440 4992 sic:
455 4931 547 4987 Libera
570 4946 628 4996 nor,
643 4943 799 5000 queruntur,
822 4925 943 4992 bomine,
957 4939 1030 4994 cte,
1046 4936 1069 4982 ιι

83 5094 88 5103 ,
183 5022 185 5026 ’
270 5029 375 5088 Sanctis
388 5024 513 5097 apostolis
528 5023 579 5077 tnis
592 5020 670 5076 Petro
689 5031 713 5075 et
731 5018 816 5073 Putria
828 5028 903 5090 nique
916 5015 1030 5082 sinticen,
1047 5027 1071 5074 ιι

269 5119 356 5176 Bentis
378 5113 566 5187 sonfnseribrts
590 5112 640 5166 tuis
656 5109 780 5176 Murrina,
805 5107 937 5173 Proertlo,
952 5107 1069 5180 Zenone,

269 5223 344 5285 atque
359 5209 495 5265 benedicto
510 5223 567 5262 crtnt
590 5202 707 5260 omnibns
730 5202 835 5266 sanctis,
856 5214 909 5258 etc.
922 5203 951 5257 lu
969 5203 1070 5259 litaniis

269 5321 388 5378 quisquis,
403 5318 470 5375 quas
484 5300 588 5370 aliquot
610 5298 637 5352 in
651 5312 717 5352 mss.
734 5311 781 5352 xttt
799 5302 827 5352 ιι
840 5311 886 5351 ιιιι
902 5296 994 5352 sacculi
1013 5306 1069 5351 tum

270 5400 298 5454 in
320 5397 486 5454 Bibliotheca
507 5390 624 5464 Capituli
643 5389 816 5456 veronensis,
834 5398 891 5444 tum
916 5389 981 5444 alibi
1006 5390 1071 5462 legi·

271 5504 344 5558 mus,
373 5502 479 5543 necnon
504 5488 530 5540 ln
544 5481 705 5555 quibusdam
720 5481 887 5538 orationibus
899 5494 932 5537 ιι
944 5480 1072 5540 1ιιιιιι11ι-

270 5582 399 5647 tionibus,
415 5594 477 5650 quse
497 5576 593 5633 iisdem
616 5576 643 5630 iu
664 5588 730 5629 mss.
747 5573 929 5631 cotuiuentur.
947 5574 976 5631 S.
998 5574 1071 5633 Zeno

271 5677 343 5732 inter
354 5682 468 5731 ceteros
482 5680 591 5727 sanctos
604 5665 776 5724 confessores
791 5666 941 5723 insecatur.
963 5665 992 5724 lu
1014 5667 1070 5726 lio-

271 5785 352 5828 mano
365 5766 467 5826 Ordine
480 5759 628 5837 Capitulsri
642 5759 743 5833 scripto
759 5759 925 5832 temporibus
939 5759 1071 5821 Ludorici

1123 4743 1242 4814 antiquis
1267 4746 1434 4816 temporibus
1451 4750 1582 4824 insignem
1606 4758 1707 4815 ertitnnr
1723 4772 1764 4819 est
1789 4780 1922 4825 eitrtseeu-

1125 4840 1177 4897 tus.
1188 4850 1242 4902 iguo
1254 4837 1288 4893 ad
1302 4839 1452 4898 sanctitatis
1463 4843 1523 4914 ejrts
1539 4850 1752 4920 magnitudinem
1775 4859 1921 4919 celebrita-

1124 4934 1233 4998 temque
1254 4933 1481 4999 compmbandam
1505 4939 1571 4995 nibil
1597 4946 1709 5014 reperiri
1733 4958 1823 5017 polest
1845 4953 1923 5012 illus-

1125 5019 1200 5075 trius.
1216 5020 1284 5076 Cum
1306 5021 1455 5082 Coronatus
1466 5029 1612 5103 Notarius,
1628 5036 1767 5119 descripte
1789 5045 1922 5104 miraculo

1124 5109 1341 5179 dtltcsis‚cujus
1362 5117 1425 5173 aiibi
1453 5124 1616 5180 mentionem
1642 5126 1778 5199 leotarius.
1800 5136 1921 5194 scribat:

1127 5201 1201 5257 Urrde
1213 5206 1320 5260 decreuit
1334 5211 1462 5267 ueneratio
1482 5225 1507 5269 ιι
1517 5216 1592 5271 timor
1602 5218 1672 5273 circa
1686 5220 1781 5278 Cbrs‘sti
1802 5229 1925 5286 socerdo-

1125 5305 1192 5362 ιιιιι;
1206 5307 1265 5366 post
1279 5298 1304 5354 id
1316 5301 1474 5360 miraculum
1487 5309 1559 5378 quiid
1574 5326 1588 5363 a
1609 5310 1639 5368 S.
1651 5313 1781 5386 Gregorio
1793 5323 1925 5390 pontiden

1126 5388 1152 5442 in
1168 5386 1280 5461 dialogis
1293 5395 1490 5468 protnulgatum
1505 5401 1572 5469 luit,
1587 5405 1690 5462 cultum
1704 5409 1764 5479 ejus
1778 5420 1856 5469 extra
1870 5413 1924 5471 vc·

1123 5495 1217 5537 ronam
1245 5491 1386 5557 propagari
1402 5505 1519 5564 coeptutn
1539 5499 1667 5554 nunnioni
1691 5499 1807 5561 fortasse
1819 5507 1925 5564 existi·

1124 5584 1208 5631 ment.
1224 5574 1334 5633 Pistorii
1359 5582 1386 5637 in
1409 5583 1533 5642 Hetruria
1556 5591 1665 5661 quidem
1687 5595 1852 5654 catiredralis
1876 5614 1924 5656 ec·

1122 5668 1204 5776 clesia
1219 5670 1249 5729 S.
1264 5671 1382 5732 Zenonis
1394 5680 1505 5738 nornine
1520 5683 1768 5747 dedicatatraditur
1780 5692 1813 5748 ab
1822 5692 1925 5764 llgbel·

1123 5765 1236 5836 troposi
1255 5768 1528 5849 an·595,cume1us
1549 5780 1626 5839 urbis
1646 5783 1747 5845 damen
1767 5787 1924 5862 exundans,
