4142 6175
217 214 248 271 nt
915 215 1188 276 santonenses.
1835 229 1870 284 tiu

216 331 324 387 dernius
349 328 449 403 bynmo
466 330 497 386 li
513 328 547 386 de
561 331 619 403 ipsu
640 331 781 389 creatione
805 329 897 388 tntmdi
923 340 1019 404 aperte
1031 333 1057 394 ,t
1071 335 1117 390 sed
1133 337 1276 395 consiliunt
1290 338 1485 411 decretumque
1503 340 1539 398 de
1562 341 1683 399 creando
1697 344 1776 412 urite,
1796 348 1868 417 quoti

216 425 374 493 disserens,

309 517 346 572 lis
358 529 413 579 ore,
425 516 511 581 mend,
525 515 663 582 quamlibet
675 515 757 570 Patris

342 579 384 629 Sis
397 589 466 631 ortus
478 586 504 630 et
513 580 591 631 uerbo
603 580 703 644 editus;

311 641 404 694 Tamen
419 647 521 706 paterno
535 643 559 692 iu
572 648 685 706 pectore,

342 703 434 767 Sopita
445 703 544 756 calebat
554 706 630 768 prius.

218 792 322 860 Qttibns
344 806 405 847 cnm
427 791 550 848 ditinum
571 791 687 848 Verbum
703 794 801 866 sopitis
819 794 929 850 nomine
943 793 1018 849 desi·

210 892 340 956 gttatum,
356 883 382 939 in
402 882 491 940 Patris
503 893 624 955 pectore,
636 896 779 957 antequam
806 902 839 940 ee
862 901 906 940 ore
932 884 1020 940 Putris

219 979 351 1045 orit-etur,
374 985 398 1032 et
425 977 542 1032 ederetur
565 978 591 1031 in
616 977 755 1034 creatione
780 977 891 1045 mnndi,
906 977 962 1049 jam
985 978 1020 1034 ab

218 1085 323 1134 ueterno
339 1075 423 1133 inisse
437 1075 576 1143 insinuet,
589 1077 666 1144 juxta
684 1077 751 1133 llulli
767 1062 1019 1150 interpretationem

218 1185 281 1227 cum
291 1169 404 1227 Zenone
416 1167 524 1225 ridetur
536 1171 615 1240 plane
626 1170 781 1227 concinere.

256 1262 311 1319 Sed
333 1261 405 1319 banc
421 1263 625 1334 generationem
645 1277 694 1319 seu
714 1260 1020 1319 rtratrilestationemet-

220 1364 325 1411 tet-oum
339 1370 354 1411 a
366 1355 475 1411 Zenone
489 1354 604 1412 laudetis
623 1370 638 1409 a
653 1354 765 1412 Pctutiu
779 1354 845 1411 locis
857 1370 890 1411 et
912 1353 1021 1411 transl

220 1445 557 1519 ct5iuisseappellatam,
579 1456 608 1502 ut
635 1448 736 1517 putauit
763 1447 866 1514 liutius,
891 1447 1020 1503 adsentiri

224 1556 276 1596 non
292 1555 447 1612 possumus.
478 1541 506 1597 Si
527 1542 589 1613 quis
609 1541 681 1596 enim
698 1549 770 1596 tutus
795 1550 886 1596 tentus
903 1555 973 1611 qntts
987 1556 1019 1596 es

1071 429 1105 483 ab
1131 440 1236 488 teterrto
1259 433 1353 504 utique
1368 445 1476 505 captum
1503 436 1573 499 luit,
1588 435 1655 491 satis
1668 436 1807 506 innuitnrt
1823 442 1870 497 sed

1070 523 1191 592 apertius
1204 526 1370 581 convincunt
1383 526 1427 581 illa
1435 534 1566 584 tractatus
1576 530 1604 595 t,
1618 529 1663 585 ubi
1675 541 1818 602 postquam
1828 532 1871 588 dle

1071 614 1149 670 rinus
1174 614 1260 672 Filius
1273 615 1323 672 bac
1336 619 1511 689 generatione
1525 618 1659 691 prodiisse
1673 620 1789 678 tronione
1805 633 1847 680 est
1862 642 1870 679 r

1074 704 1108 761 tn
1123 720 1317 764 rernmnotnro
1341 725 1397 779 qaae
1416 725 1468 765 noo
1494 724 1558 778 ont,
1586 711 1734 783 tingeretur,
1761 716 1872 785 prodicit

1071 797 1217 870 unigenitus
1236 798 1260 853 F
1261 799 1338 865 ilina,
1353 802 1438 857 cordis
1453 805 1509 875 ejto
1529 804 1621 858 nobilis
1634 804 1776 875 inquilinos
1785 823 1795 874 ;
1817 822 1873 864 noo

1071 892 1161 948 sunno
1180 892 1250 949 idem
1266 893 1351 949 Filius
1367 894 1554 952 manifestatus
1576 895 1678 954 idcireo
1699 897 1870 967 affirmatur,

1073 988 1111 1041 uti
1125 986 1193 1043 Bttlli
1208 986 1366 1060 itypotltesis
1381 989 1528 1059 postularet
1540 992 1574 1065 (si
1589 992 1696 1063 quidem
1710 1008 1742 1049 ea
1757 1009 1870 1066 genera·

1073 1078 1109 1133 tin
1123 1077 1193 1133 idetn
1217 1094 1250 1133 ac
1264 1078 1445 1136 utsttilestatio
1460 1079 1558 1154 suerit)
1574 1082 1621 1137 sed
1636 1085 1739 1151 exinde,
1749 1086 1869 1154 additur,

1072 1172 1179 1228 nisidiiis
1203 1175 1346 1229 necessario
1360 1173 1475 1243 effectus,
1491 1177 1551 1244 quio
1566 1175 1651 1231 orient
1666 1187 1741 1233 terre
1750 1189 1803 1233 erut
1815 1182 1872 1249 ipse

1072 1266 1870 1337 foetoresetc,nbinucesexinderieiiititorartitestatinncm

1072 1358 1171 1415 exinde
1184 1368 1406 1430 consequentem,
1420 1374 1501 1416 noces
1514 1369 1604 1417 autern
1620 1371 1673 1416 not
1684 1367 1801 1434 foetores
1812 1371 1869 1418 rna-

1072 1449 1270 1505 nilestatiunetn
1286 1452 1312 1506 in
1332 1450 1449 1506 creando
1467 1452 1638 1521 postmodnm
1651 1453 1728 1518 orbe.
1739 1463 1870 1512 seustote

1073 1549 1195 1610 tentpore
1206 1540 1323 1596 tutorum
1341 1543 1407 1597 satis
1421 1540 1569 1598 declarant.
1585 1542 1731 1600 Enimvero
1744 1546 1765 1600 si
1783 1561 1868 1617 gene-

133 1663 140 1674 ·
222 1650 289 1689 ross.
312 1634 463 1705 praesertim
478 1635 598 1706 integros
611 1633 756 1698 edidimus,
771 1634 883 1705 legerit;
901 1633 1021 1705 proiecto
1072 1634 1141 1688 ratio
1169 1632 1212 1689 bic
1231 1633 1381 1698 asseritur,
1403 1649 1508 1705 etqua
1533 1634 1580 1691 liei
1606 1634 1690 1690 filins
1703 1635 1730 1692 in
1750 1637 1869 1694 creando

222 1726 360 1783 chttnem
376 1726 410 1783 de
422 1735 524 1782 aeterna
537 1725 654 1797 quadam
667 1725 789 1797 ejusdem
803 1724 885 1782 Verbi
905 1741 1020 1798 genera·
1035 1730 1060 1791 Β
1074 1727 1187 1784 subinde
1202 1727 1303 1784 munde
1316 1728 1425 1783 risibilis
1439 1727 1498 1783 dieti
1510 1727 1615 1793 debuit,
1624 1728 1731 1783 risibilis
1743 1737 1833 1785 autem
1844 1741 1873 1787 et

223 1822 309 1887 tione,
327 1836 388 1891 que
412 1820 490 1876 alteri
515 1820 608 1876 latenti
633 1819 771 1892 prioribus
791 1821 882 1877 verbis
904 1820 1020 1875 adsertae
1073 1821 1253 1892 ntnnr'festotns
1268 1820 1339 1876 idem
1353 1830 1418 1876 sunt
1435 1838 1442 1874 ι
1459 1821 1601 1892 generatio
1615 1821 1685 1877 iraud
1699 1820 1781 1878 dubie
1795 1838 1871 1880 asse·

222 1911 407 1984 hactenusque
423 1914 502 1970 nobis
517 1912 711 1968 demonstrate
722 1928 776 1967 non
789 1920 932 1984 repugnet,
947 1923 1022 1968 utru-
1073 1912 1151 1978 rinn,
1166 1928 1199 1968 etr
1212 1928 1264 1983 ntra
1278 1912 1336 1980 ipsa
1347 1920 1457 1967 externa
1480 1911 1663 1969 manifestatio
1677 1914 1792 1970 subinde
1807 1931 1870 1985 pro·

223 2020 276 2076 qne
295 2006 320 2058 in
335 2011 450 2059 tractatu
465 2014 565 2076 quorun
581 2013 610 2059 et
634 2003 729 2074 quintu
743 2018 897 2059 sermonem
918 2003 1020 2070 iacere,

223 2097 442 2168 exploratissima
453 2096 577 2168 liquebit.
594 2095 661 2154 Nam
673 2096 791 2168 primum
806 2106 923 2152 tractatu
940 2098 1024 2170 bagi-

225 2200 269 2245 tur
282 2189 317 2247 de
335 2190 379 2245 itta
396 2189 537 2246 ttatititate
550 2189 645 2257 Vetbi,
660 2206 714 2245 rtott
736 2190 824 2245 sulum
839 2206 891 2262 qua
906 2191 1024 2263 orttnipo·

224 2285 305 2342 tentio
318 2282 427 2356 quidem
443 2301 470 2339 se
479 2294 615 2356 propaget,
632 2283 686 2353 rel,
698 2294 728 2341 ut
740 2283 785 2341 atti
799 2283 907 2341 codices
919 2286 1021 2357 legunt,

224 2387 395 2451 reprnpognt3
408 2378 456 2434 sed
468 2378 550 2433 simul
565 2394 617 2450 qun
637 2378 669 2433 de
690 2376 746 2432 lieu
757 2379 871 2434 nnsdtttr
884 2378 966 2449 Dens,
982 2393 1023 2436 to·

223 2482 278 2527 tunt
291 2470 379 2527 Putris
392 2472 498 2540 itabens,
510 2472 575 2527 nittit
591 2474 718 2544 derogans
732 2470 817 2542 Potri,
827 2484 880 2529 etc.
892 2474 956 2531 lites
977 2492 1025 2533 au·

225 2577 279 2625 tetn
295 2566 506 2624 manifestationi
522 2582 599 2623 mere
615 2578 736 2624 externae
758 2576 786 2624 et
806 2571 947 2641 temporali
970 2588 1023 2630 nou

224 2667 392 2731 congruunt,
412 2660 546 2731 planeque
570 2660 811 2732 respondenteutn
828 2662 860 2716 iis
884 2664 1024 2733 quetun-

1074 2005 1142 2061 lccta
1156 2016 1207 2070 est,
1220 2013 1246 2060 et
1259 2021 1318 2075 que
1329 2004 1431 2062 idcirco
1444 2016 1507 2063 ante
1522 2008 1607 2077 ipsam
1623 2007 1867 2066 manifestationem

1074 2099 1100 2154 in
1118 2100 1174 2169 ipsa
1190 2100 1328 2154 creatione
1348 2098 1441 2156 mundi
1458 2099 1581 2156 edestam
1606 2100 1709 2171 (uentre
1723 2102 1871 2159 enimenta
1968 2145 1975 2156 .

1074 2206 1117 2247 res
1128 2191 1299 2256 creatas,sed
1314 2193 1414 2248 creatis
1422 2190 1478 2262 jam
1495 2191 1575 2247 rebus
1589 2190 1713 2266 [ιιιιιιιι]
1725 2193 1774 2250 Dei
1787 2193 1871 2250 Filius

1075 2284 1245 2342 ntattiiestati
1269 2300 1316 2340 seu
1332 2269 1446 2341 visibilis
1460 2298 1522 2340 esse
1537 2284 1642 2358 potuit)
1670 2287 1770 2342 evenit.
1785 2286 1869 2354 Engui-

1075 2377 1135 2435 dern
1159 2377 1228 2434 banc
1243 2376 1367 2433 eamdem
1385 2377 1589 2447 generationem
1605 2378 1707 2433 urimur
1722 2378 1870 2447 respiciens

1076 2478 1155 2525 tract.
1180 2469 1197 2526 6
1220 2469 1266 2524 lib.
1284 2484 1301 2524 u
1325 2470 1382 2525 ait:
1399 2467 1554 2542 [inigenitus
1571 2469 1713 2541 prodiendo
1738 2471 1770 2524 de
1795 2470 1875 2526 Putre

1074 2575 1134 2619 onte
1159 2563 1284 2636 originem
1307 2579 1409 2627 rerunt,
1432 2570 1485 2618 etc.
1507 2561 1553 2616 ttbi
1581 2565 1612 2619 τὸ
1636 2572 1696 2618 ortu
1719 2561 1799 2618 Verbi
1826 2578 1873 2635 ge-

1075 2659 1254 2726 nerationem,
1270 2671 1448 2730 qutucnmque
1472 2654 1520 2711 iiia
1543 2656 1589 2722 sit,
1605 2656 1714 2728 arigim,
1728 2670 1776 2712 seu
1793 2672 1872 2712 crea·

223 2751 284 2807 dent
301 2749 357 2806 lete
371 2750 462 2807 verbis
472 2751 506 2807 de
520 2761 621 2807 eterne
636 2752 728 2822 procul
743 2751 828 2807 dubio
846 2754 1025 2824 generatione
1075 2752 1144 2808 tioni
1156 2750 1383 2820 r·rrnntpraeriam
1394 2757 1487 2820 aperte
1501 2746 1600 2820 prodit.
1623 2746 1682 2804 lVon
1706 2763 1772 2819 crgo
1789 2764 1875 2819 gene·

225 2841 374 2897 recitantur
386 2851 419 2896 tr.
436 2841 472 2896 δε
491 2840 576 2912 igitar
589 2841 728 2911 ineffabilis
742 2843 790 2898 illu
804 2843 1023 2914 incomprebensi-
1075 2846 1187 2901 rationis
1204 2845 1313 2898 nornine
1332 2844 1420 2914 ipsum
1435 2842 1692 2908 manifestationem,
1708 2842 1757 2898 sed
1771 2842 1871 2913 aliquid

224 2933 335 3006 ditisque
347 2934 475 3007 snpientia
488 2935 653 3006 sopimtinnt,
668 2936 851 3008 omnipotentie
864 2936 1024 3009 orttnipsten-
1074 2938 1108 2992 ab
1135 2951 1166 2991 ea
1187 2935 1327 2991 diversunt
1362 2935 1463 2989 ancon
1485 2933 1601 3004 aceepit.
1618 2932 1682 2988 lites
1705 2933 1728 2989 si
1753 2934 1814 3004 qttis
1837 2949 1870 2989 et

223 3026 286 3080 tium
296 3036 433 3100 propaget.
451 3025 489 3082 lte
503 3024 559 3082 Deo
570 3028 685 3082 rtotcitttr
698 3026 780 3097 Deus,
795 3027 826 3083 de
839 3030 952 3101 togettito
965 3029 1023 3085 otti·
1074 3029 1182 3085 Arianis
1194 3037 1324 3084 aternam
1340 3026 1401 3082 Filii
1425 3026 1470 3081 liei
1489 3025 1692 3098 generationem
1714 3025 1873 3097 oegurnibus

223 3123 332 3193 potitos,
349 3124 381 3177 de
404 3121 459 3178 soto
473 3122 554 3190 solus,
566 3122 598 3177 de
611 3133 664 3178 toto
679 3133 756 3191 totns,
771 3124 803 3179 de
818 3140 876 3181 tero
890 3141 974 3191 seros,
990 3109 1057 3181 deC
1074 3124 1256 3189 ailirmasset,
1289 3120 1505 3192 intelligerentur
1521 3118 1649 3174 facillime
1670 3118 1706 3174 de
1732 3117 1871 3175 cressione

221 3217 487 3287 persectoperpectnr,
510 3225 592 3270 totum
614 3213 701 3271 Putris
725 3216 832 3285 itabens,
858 3216 925 3271 niitii
947 3217 1022 3272 dne·

224 3325 289 3380 poan
313 3307 413 3376 Porri,-
435 3308 493 3365 lraec
518 3309 590 3365 enim
614 3311 695 3366 uerbo
715 3321 743 3367 et
764 3308 887 3367 iortnulae
908 3310 1020 3367 Patrem

225 3401 422 3457 catlroiicututn
437 3403 564 3473 propriae,
582 3402 804 3475 identitatemque
817 3402 1021 3459 substantialem

226 3494 315 3550 Putris
337 3503 364 3551 et
387 3494 449 3550 Filii
471 3496 558 3567 pelam
580 3495 738 3568 prodentes,
760 3498 830 3552 sieut
852 3496 951 3553 cadere
972 3513 1021 3552 trs-

189 3622 196 3633 ·
225 3597 326 3659 queunt
343 3589 369 3643 in
385 3600 550 3653 creaturam,
563 3605 625 3661 quae
637 3589 721 3659 primu
733 3590 852 3645 otnnium
867 3590 895 3644 in
906 3590 1023 3644 eremiu-

225 3696 288 3737 nem
303 3681 376 3738 urbis
389 3681 497 3738 condita
519 3682 566 3750 sit,
583 3692 611 3737 ut
624 3680 718 3738 Ariani
732 3680 897 3750 sentiebant,
914 3680 1023 3737 eadem·

225 3790 279 3848 qtre
310 3774 344 3831 de
376 3791 457 3832 cansa
484 3775 634 3832 cuttuenire
666 3791 719 3830 oon
744 3785 858 3846 possunt
885 3758 1023 3846 prolatilis

225 3866 329 3933 verbo,
354 3867 425 3939 quod
440 3866 492 3923 etsi
516 3866 611 3923 inisset
633 3868 661 3923 iu
682 3869 821 3924 creatione
832 3868 977 3940 prolatum,
992 3877 1022 3923 ut

226 3957 351 4014 oorrttnlli
363 3959 534 4016 existimasse
548 3959 674 4016 uidentur
696 3960 743 4031 (tle
759 3974 813 4031 quo
831 3950 893 4016 ride
905 3967 965 4031 duta
978 3959 1022 4017 di·

225 4065 321 4111 centur
346 4054 397 4112 sub
420 4055 526 4111 initium
553 4054 715 4126 paragraphi
735 4054 888 4126 sequentis)
901 4062 1022 4109 creatum

226 4158 315 4205 tatoen
340 4148 440 4220 aliquid
457 4148 524 4204 init:
541 4150 576 4203 ita
592 4163 681 4219 ueqrte
707 4145 849 4218 tcutporaii
863 4153 891 4202 et
903 4154 1022 4202 externe

224 4256 375 4313 congruere
396 4250 508 4314 possunt
522 4240 617 4299 aterni
635 4239 716 4297 Verbi
730 4238 951 4305 otanilestatinni,
961 4253 1023 4309 oute

224 4349 285 4390 cum
300 4344 441 4391 exterttutn
455 4333 557 4406 aliquid
572 4333 717 4405 signiticat,
740 4341 796 4389 tum
811 4345 877 4389 uero
892 4339 922 4387 ut
934 4346 982 4404 per
995 4331 1022 4386 id

224 4435 366 4483 externum
392 4427 476 4484 Filius
502 4428 548 4485 liei
573 4426 742 4499 processisse
768 4425 820 4482 dici
850 4424 968 4497 potuerit
988 4423 1022 4479 ad

1073 3215 1166 3282 Verbi,
1180 3215 1250 3284 qnod
1264 3228 1325 3269 cum
1349 3211 1386 3268 iiii
1401 3212 1436 3267 ab
1451 3219 1554 3293 ameno
1566 3211 1699 3282 genitum,
1716 3219 1744 3267 et
1754 3211 1871 3268 cunsttb·

1072 3309 1197 3365 stutttiatn
1224 3307 1295 3361 Patri
1319 3315 1469 3377 negarent,
1502 3315 1653 3361 creaturam
1687 3304 1871 3376 praedicarunt

1072 3402 1190 3473 quidem,
1199 3400 1245 3457 sed
1260 3401 1294 3456 ita
1307 3408 1337 3454 ut
1352 3400 1556 3471 primogenitum
1569 3408 1632 3454 ante
1642 3405 1801 3455 ceterarum
1813 3413 1873 3453 out·

1072 3497 1147 3552 nium
1163 3510 1253 3551 rerum
1267 3493 1398 3565 originem
1408 3503 1529 3550 creatum
1544 3494 1676 3550 dicerent.
1692 3496 1726 3548 tt
1737 3493 1764 3548 in
1779 3494 1874 3550 cattin-

1072 3590 1125 3644 licu
1149 3586 1293 3656 antistite,
1320 3588 1365 3659 qrri
1393 3596 1522 3644 aetnam
1550 3586 1630 3643 Verbi
1664 3590 1868 3658 generationem

1073 3680 1435 3751 consubstantialitatemrpte
1449 3694 1510 3735 cunt
1527 3678 1606 3737 Patre
1625 3678 1734 3735 disertis
1747 3679 1872 3736 testimo·

1074 3776 1126 3831 niis
1139 3774 1287 3841 cottstitnit
1305 3782 1334 3830 nt
1353 3774 1519 3830 deductore
1534 3782 1629 3828 nostro
1641 3772 1773 3837 utilimum
1799 3772 1871 3829 nati·

1073 3871 1148 3924 rituti
1165 3869 1189 3924 id
1205 3870 1392 3941 generisseu
1416 3868 1508 3923 terius
1522 3868 1652 3924 creationi
1667 3867 1743 3922 locus
1757 3867 1874 3937 amplius

1075 3979 1128 4018 non
1143 3975 1205 4019 est:
1222 3961 1394 4033 nequeenim
1409 3961 1479 4016 idem
1492 3959 1613 4017 Ver-bunt
1625 3971 1756 4016 :eternum
1771 3966 1798 4014 et
1809 3974 1875 4015 etrit-

1073 4055 1249 4111 snbstamiaie
1260 4055 1331 4110 Patri
1346 4052 1418 4110 nulia
1433 4064 1573 4125 assumpta
1583 4069 1679 4110 natura
1693 4053 1781 4111 creari
1792 4053 1872 4109 britio

1075 4146 1203 4218 temporis
1226 4147 1306 4203 simul
1333 4147 1440 4219 potuit,
1460 4147 1559 4219 quippe
1579 4145 1617 4202 uti
1642 4146 1713 4202 Deus
1741 4159 1822 4201 tetus
1846 4154 1876 4201 ct

1075 4250 1202 4304 aeternus,
1216 4238 1294 4295 sicuti
1309 4239 1437 4295 desinere
1451 4236 1544 4309 ttetptit
1556 4237 1699 4307 essequod
1713 4235 1875 4301 cenitense

1075 4333 1181 4388 initium
1206 4332 1307 4389 babere
1327 4334 1353 4389 in
1377 4340 1510 4401 tempore,
1525 4345 1613 4401 neque
1631 4330 1658 4386 io
1671 4338 1822 4386 ereaturam
1834 4330 1875 4384 in·

1075 4430 1192 4486 trinseee
1202 4430 1299 4486 mutari
1314 4442 1395 4500 atque
1408 4427 1539 4500 progigni.
1555 4427 1647 4499 ltaque
1673 4441 1721 4498 per
1744 4426 1814 4482 hanc
1827 4440 1875 4480 nn·

222 4517 369 4577 ctcomlum
386 4519 522 4584 universa,
537 4534 590 4575 outt
607 4528 697 4576 tamen
710 4518 840 4574 aillrmari
853 4517 965 4589 perinde
976 4531 1024 4588 po·
1037 4503 1064 4564 D
1076 4519 1207 4576 uilitatem
1221 4520 1293 4576 atiud
1309 4520 1430 4592 proiecto
1444 4522 1478 4576 ab
1488 4520 1650 4576 brianonum
1663 4532 1745 4574 sensu
1755 4518 1873 4574 alienum

224 4613 271 4668 tuit
287 4610 449 4668 deorumne
468 4613 501 4668 de
525 4611 591 4680 Deo,
613 4613 812 4677 totntdetoto,
831 4620 913 4666 totum
934 4610 1024 4666 Patris
1077 4619 1179 4671 Auctor
1205 4616 1359 4681 intellexit,
1388 4613 1459 4686 qttnd
1489 4623 1662 4667 tamencum
1686 4610 1816 4668 creationi
1841 4627 1873 4666 nc

223 4704 471 4777 itodettr,etc.,queu
487 4706 638 4763 locutiones
653 4705 802 4776 iisdemque
813 4704 941 4775 subjectas
957 4717 1022 4760 sen·
1076 4709 1189 4781 proinde
1212 4707 1423 4764 trranilestationi
1438 4717 1559 4762 externae
1573 4707 1754 4775 praecesserit,
1767 4704 1801 4760 ab
1816 4705 1874 4776 ipsa

223 4799 319 4853 tentius
330 4797 363 4853 ad
376 4797 499 4854 intimam
513 4797 829 4869 consubstantialemque
841 4796 901 4853 Filii
912 4796 1023 4868 equati-
1074 4804 1156 4860 etiarn
1171 4800 1388 4858 manifestatione
1409 4798 1549 4856 ditersnm
1570 4812 1631 4854 esse
1651 4812 1763 4855 necesse
1777 4807 1829 4854 est.
1844 4797 1874 4854 Si

191 4898 199 4903 ·
226 4898 308 4945 tatem
322 4903 383 4945 cum
397 4889 479 4946 Patre
491 4889 863 4947 adstruendaroacotbuiieis
874 4905 1021 4962 usurpate,
1076 4911 1158 4966 ptrrro
1186 4909 1220 4950 etr
1245 4891 1288 4947 bis
1312 4906 1365 4947 non
1394 4889 1474 4946 modu
1489 4890 1655 4947 creationem
1681 4887 1873 4959 Verbi,quam

225 4984 265 5038 uti
288 4983 455 5041 ostendimus
470 4984 564 5040 adrtot.
583 4984 600 5041 d
621 4984 648 5039 ln
663 4984 789 5040 eutndem
805 4994 885 5040 tract.
900 4985 1023 5056 sprocnt
1074 4986 1169 5044 Ariani
1183 4984 1337 5054 irriserunt,
1353 4984 1400 5040 sed
1414 4993 1442 5040 et
1455 4978 1706 5040 'manifestationem
1722 4989 1872 5048 externam,

226 5074 309 5131 dubio
327 5074 511 5132 adinternam
529 5088 712 5147 uternanutne
737 5092 769 5133 ae
792 5078 901 5149 proprie
921 5078 1022 5135 dietam
1074 5097 1155 5152 qnam
1187 5081 1280 5136 Builns
1310 5078 1516 5146 subintellexit,
1546 5076 1698 5141 excludas,
1724 5073 1885 5145 temporale

225 5168 310 5224 divini
328 5168 408 5225 Verbi
422 5170 625 5242 generationem
643 5172 789 5242 pertinent.
804 5169 873 5228 Vide
887 5170 981 5227 itacde
993 5186 1025 5228 re
1074 5172 1210 5245 qttidpiam
1225 5172 1294 5229 nibil
1307 5175 1441 5244 suppetit,
1455 5171 1498 5227 cui
1522 5171 1581 5227 bec
1601 5184 1617 5225 a
1638 5169 1750 5227 zenone
1768 5176 1872 5223 asserta

226 5261 297 5334 apud
312 5262 450 5319 Patauium
466 5263 596 5335 pbtraiib.
607 5279 634 5320 tt
645 5263 775 5330 delrio..
789 5279 849 5336 cap.
863 5263 907 5321 tu.
921 5264 1022 5322 Deinde
1073 5268 1224 5336 generatio,
1239 5280 1327 5337 neque
1345 5263 1481 5336 prolatitio
1491 5262 1583 5328 verbo,
1602 5272 1631 5317 ut
1646 5261 1726 5333 paulu
1739 5260 1804 5317 ante
1816 5276 1875 5315 mo·

226 5354 445 5426 Zettottemloqni
455 5356 490 5414 de
503 5357 548 5413 illa
559 5358 747 5430 generatione,
758 5373 809 5429 ntra
823 5359 893 5417 idem
901 5359 1020 5417 Verbum
1076 5360 1207 5428 rtrtitnus,
1234 5373 1385 5431 eorrgrucns
1401 5399 1408 5423 ,
1424 5356 1567 5413 tribuatur.
1584 5354 1690 5426 Aliquid
1706 5354 1787 5425 igitur
1796 5362 1875 5409 reter-

226 5448 353 5520 prodivit,
371 5452 571 5522 excogitatorum
594 5460 622 5507 nt
642 5453 758 5508 ordiuent
771 5453 909 5508 irtstrrteret
925 5469 1021 5518 rerntn,
1078 5468 1154 5518 rrum,
1166 5461 1227 5509 eta
1252 5453 1337 5523 prima
1351 5448 1397 5506 itta
1417 5448 1593 5519 generatione
1618 5445 1708 5502 obdita
1722 5456 1751 5502 et
1772 5445 1876 5501 latente

227 5541 315 5612 palam
331 5551 374 5600 est
394 5557 430 5599 er
443 5552 557 5600 tractatu
570 5545 597 5601 5.
621 5545 696 5601 linum
715 5554 805 5601 autem
819 5543 1022 5617 generationem
1078 5547 1248 5619 aliquatenus
1274 5545 1411 5601 diuersum
1426 5539 1612 5614 aecipiendum
1625 5548 1684 5608 est,
1701 5549 1728 5596 et
1752 5538 1877 5609 taieqni·

232 5642 316 5698 inisse
327 5639 622 5705 aeterttam,nonsolum
638 5638 737 5696 indicat
750 5637 797 5703 itta
813 5652 862 5694 rot
876 5638 1025 5706 instrueret,
1080 5640 1153 5705 dern,
1181 5648 1210 5695 nt
1235 5638 1307 5695 idem
1321 5636 1441 5693 ditinum
1458 5634 1587 5702 Verbum,
1603 5634 1654 5691 etsi
1667 5649 1731 5691 rere
1742 5632 1875 5705 genitum,

234 5753 285 5810 qna
298 5750 355 5795 non
369 5734 772 5811 spumantemamnem
786 5742 906 5806 teotpote
915 5731 1027 5806 amitiit,
1081 5743 1111 5794 nt
1128 5734 1216 5797 Filios
1232 5733 1329 5803 Patris,
1357 5733 1384 5792 io
1398 5732 1531 5793 condendi
1546 5739 1637 5791 testea
1651 5727 1724 5787 orbis
1738 5725 1886 5789 soosibmb
