4142 6175
732 229 846 290 susti
864 224 1093 286 cuiiirtonis
1109 176 1420 283 carnotenensis.
1835 210 1905 269 raas

257 324 1879 366 w

711 417 794 490 ²³⁰
831 424 1142 510 PRAEFATIO
1181 411 1221 484 (¹)

584 573 760 634 sincensi
780 569 994 630 nriionniis
1012 571 1059 626 io
1077 567 1305 630 antenianus
1323 568 1370 626 tir
1388 566 1573 627 sutrinuu.

959 692 1199 715 m·-

289 787 477 851 Dilectissimis
492 786 632 843 Fratribus
647 791 676 840 et
688 784 716 843 iii
730 781 832 840 Christi
846 779 957 838 rioniiiie
968 793 1052 835 ictio
1063 783 1091 844 Α
1104 779 1178 836 tibus
1188 777 1357 846 familiares,
1370 785 1400 834 nt
1415 775 1578 849 inquirentis
1596 775 1711 832 intentio
1727 771 1844 830 indicem
1862 786 1909 831 se·

256 885 364 951 randis,
377 881 525 940 Severiano
539 887 567 935 ct
588 876 699 933 iuliano
720 874 863 932 Marcellus
878 869 1053 929 llemorialis.
1107 881 1168 930 cuti
1182 873 1366 941 brevitatem,
1381 872 1415 927 ad
1438 870 1465 926 id
1479 869 1552 942 qood
1565 868 1772 941 deprehendere
1797 867 1863 924 velit
1878 868 1908 924 in

291 976 446 1048 amplector
459 969 586 1029 alacriter
604 967 755 1040 jussionem
773 982 826 1038 qua
844 964 911 1021 mibi
933 971 1077 1019 amanter·
1110 965 1216 1038 paginis
1230 963 1365 1031 actionis,
1382 976 1435 1019 non
1450 962 1553 1033 absque
1566 960 1761 1018 commoditate
1773 972 1908 1030 coinpen·

254 1081 336 1143 atque
361 1069 388 1125 in
411 1066 527 1123 Domino
549 1061 711 1119 iiduclaliter
732 1060 886 1147 imperastis
900 1099 908 1126 ,
930 1066 961 1113 ut
974 1055 1055 1112 totins
1107 1056 1162 1123 dii,
1176 1055 1297 1114 numeris
1309 1055 1423 1112 ducibus
1436 1054 1538 1110 directa
1548 1052 1699 1124 perveniat.
1713 1052 1799 1108 lbusi
1812 1050 1909 1107 ridea-

255 1165 378 1222 mcmbra
392 1161 503 1232 negotii,
516 1168 544 1216 et
553 1156 681 1214 articulos
695 1154 822 1220 actionis,
836 1150 909 1225 qnod
920 1166 969 1223 per
983 1147 1056 1207 istud
1107 1164 1169 1204 inur
1183 1147 1306 1205 loriassis
1318 1147 1394 1215 otio,
1413 1146 1479 1203 dnm
1493 1145 1527 1202 ad
1541 1146 1663 1202 laborem
1676 1145 1815 1216 superllna
1828 1158 1910 1201 reso·

253 1257 383 1314 volumen
398 1262 533 1318 actorum,
548 1249 751 1320 prosecutiones
762 1244 878 1318 partium
894 1242 1055 1314 perlongus
1107 1257 1211 1299 camus.
1225 1242 1302 1312 Quod
1318 1256 1369 1299 nos
1380 1255 1445 1298 vere
1466 1239 1604 1311 superbire
1624 1236 1721 1296 iecisse
1742 1237 1908 1306 fateremur,

257 1347 414 1418 explicuere
428 1342 584 1409 conflictus,
600 1339 737 1396 modulata
752 1353 801 1410 per
813 1352 858 1393 me
873 1335 991 1391 brevitas
1001 1333 1057 1389 dis-
1108 1334 1131 1391 si
1144 1334 1171 1390 iii
1186 1342 1243 1389 tota
1256 1334 1425 1390 voluminum
1443 1331 1515 1389 serie
1529 1329 1714 1403 perlegenda,
1728 1328 1835 1387 habiles
1846 1343 1910 1387 esse

256 1439 361 1510 tinguat
373 1444 402 1493 et
419 1434 530 1506 colligat
545 1450 553 1490 ι
567 1442 649 1505 atque
662 1432 725 1487 liuic
748 1429 824 1502 operi
846 1427 904 1484 sola
922 1425 1057 1483 charitate
1108 1426 1210 1484 uellent
1223 1426 1347 1483 borsines
1357 1424 1392 1482 ad
1406 1425 1538 1482 laborem.
1549 1423 1603 1480 Sed
1619 1422 1790 1494 periniquum
1803 1428 1846 1477 est
1857 1435 1906 1477 eos

256 1546 302 1589 inc
315 1530 404 1588 sentio
418 1529 560 1598 lateorqne
570 1525 704 1582 sullicere.
723 1523 764 1579 nd
774 1536 884 1579 omnem
898 1519 996 1591 qnippe
1006 1516 1057 1574 dc·
1108 1520 1143 1578 de
1157 1520 1234 1576 istius
1246 1518 1395 1591 diligentia
1406 1518 1481 1576 uelut
1495 1516 1613 1589 quadam
1630 1516 1765 1572 inanitate
1777 1513 1885 1571 causari
1899 1554 1909 1583 ,

255 1624 337 1697 legati
351 1622 470 1680 muneris
491 1619 684 1691 obsequelam,
699 1615 868 1674 elllcaoiores
886 1613 959 1669 sires
975 1611 1059 1667 babet
1108 1611 1237 1684 aquibus
1257 1611 1280 1668 si
1303 1614 1330 1667 in
1345 1610 1519 1684 perlegendis
1538 1611 1639 1682 ingiter
1663 1608 1770 1680 paginis
1783 1607 1908 1680 dispota-

255 1716 301 1788 qui
314 1714 458 1787 praeceptis
468 1726 562 1768 amore
575 1710 739 1781 iubentium,
754 1722 835 1779 quam
847 1706 894 1778 qui
905 1703 1003 1761 ilducia
1015 1701 1058 1759 sui
1110 1703 1192 1760 tionis
1211 1702 1324 1774 bnjnsoe
1344 1718 1398 1759 non
1422 1703 1511 1759 inanis
1525 1701 1665 1773 diligentia
1682 1701 1835 1773 llagitetnr,
1849 1715 1910 1757 eam

179 1792 182 1797 ’
256 1815 344 1878 paret.
367 1807 406 1860 bc
418 1804 475 1876 jam
489 1801 598 1874 quidem
614 1802 642 1855 in
662 1799 733 1855 banc
752 1795 938 1868 operationem
955 1808 1006 1866 qua
1030 1793 1057 1849 iri
1110 1810 1166 1851 non
1194 1810 1256 1852 esse
1269 1794 1457 1867 diligentiam,
1486 1793 1535 1850 sed
1561 1793 1713 1849 molestiam
1735 1793 1909 1850 eonlltentur.

254 1896 388 1954 Ecclesia
408 1893 518 1966 negotio
532 1906 583 1964 pro
601 1889 771 1962 singulorum
791 1887 894 1942 uiribus
906 1885 1057 1941 laboratum
1111 1888 1199 1956 Unde,
1211 1896 1343 1960 wantum
1353 1902 1405 1960 ago
1417 1889 1553 1956 arbitror,
1570 1903 1623 1944 110„
1637 1901 1705 1959 opus
1719 1886 1827 1942 ignium
1843 1885 1911 1941 iugi.

254 2000 313 2057 Oti.
334 1997 465 2061 qnantum
479 2001 540 2043 ¹⁰0³
562 1983 737 2043 millesimi
759 1980 865 2053 potnit,
890 1977 977 2035 0ffl05i
1003 1977 1057 2033 Diei
1110 1998 1171 2039 mus
1185 1982 1230 2054 qni
1255 1981 1361 2038 lastidia
1376 1981 1504 2038 lectionis
1524 1980 1647 2037 remedio
1661 1977 1911 2036 breuitatisoioln·

252 2081 406 2157 symbolam
428 2078 492 2137 dedi
509 2098 516 2134 :
532 2078 604 2149 quod
616 2092 630 2130 a
642 2077 703 2133 uiro
724 2074 887 2146 spectabili,
910 2080 938 2129 et
960 2072 988 2128 iti
1001 2086 1058 2142 quo
1110 2075 1205 2131 simus.
1218 2076 1309 2139 Certe,
1323 2074 1348 2130 si
1362 2072 1493 2145 exipsius
1504 2072 1672 2145 operationis
1685 2082 1767 2144 atque
1785 2070 1911 2128 utilitatis

252 2173 400 2247 plurimum
414 2172 522 2242 insigne
534 2168 679 2243 probitatis
697 2177 755 2236 est,
775 2167 884 2223 tribuno
898 2174 927 2222 et
943 2164 1056 2222 liotario
1070 2165 1095 2226 B
1108 2165 1218 2232 euecti,
1235 2165 1389 2221 absolutum
1402 2178 1463 2221 esse
1477 2178 1531 2222 non
1548 2163 1663 2236 poterit,
1683 2164 1756 2234 quod
1770 2177 1855 2220 vanus
1872 2162 1913 2219 la·

253 2264 415 2325 llarcellino
429 2276 556 2319 curarum
568 2260 669 2316 ascitus
683 2258 841 2328 lupariam,
859 2264 982 2312 nontam
997 2269 1057 2310 ine·
1107 2258 1159 2314 bor
1173 2259 1224 2314 iste
1235 2273 1289 2315 non
1304 2257 1386 2315 luerit
1401 2299 1410 2327 ,
1435 2258 1541 2314 idcirco
1560 2267 1650 2314 tamen
1668 2271 1723 2312 non
1737 2255 1857 2325 ineptum
1870 2264 1913 2312 est

255 2358 311 2415 rito
325 2369 398 2420 meo,
421 2367 502 2426 quam
523 2350 681 2422 dignatione
690 2349 846 2412 monentis,
859 2345 1059 2403 communicari
1109 2351 1236 2424 quioquid
1251 2352 1296 2408 liic
1307 2353 1367 2424 egi,
1378 2351 1441 2422 quia
1454 2352 1482 2407 in
1496 2351 1549 2407 lioc
1562 2350 1639 2407 robis
1648 2349 1809 2421 iubentibus
1819 2347 1909 2420 parui.

253 2445 421 2519 (lllmjlldice
436 2437 992 2512 librandaedisceptatiouislaborem.Sed
1005 2440 1057 2493 1ch
1108 2442 1186 2499 Nune
1200 2444 1346 2508 oraverim,
1363 2451 1393 2499 ut
1405 2443 1432 2498 in
1449 2441 1665 2498 vicissitudinem
1685 2440 1776 2499 meriti
1795 2456 1846 2513 ppo
1864 2453 1913 2497 mg

255 2553 363 2612 quoqne
377 2536 450 2610 (1⁰0⁶
474 2534 620 2593 mesimeri
633 2533 775 2601 '⁰¹lllliiir
792 2531 966 2603 ιθθιῑῑιῐὶῑθῐ
977 2529 1058 2585 ldhl·
1108 2552 1190 2595 orare
1208 2538 1369 2611 dignemini.
1385 2539 1423 2596 lta
1445 2539 1517 2596 enim
1529 2538 1592 2608 flet,
1617 2549 1646 2596 ιιι
1665 2537 1739 2610 quod
1760 2546 1859 2610 sponte
1869 2534 1913 2592 la·

256 2633 324 2689 ΜΝ
341 2645 398 2686 ¹¹⁰ss
411 2627 507 2700 piguit.
522 2623 749 2698 0⁰²Dd⁰lll¹ll¹0¹¹¹
769 2623 836 2679 “lilii
859 2637 913 2679 ¹¹⁰⁰
927 2620 1016 2677 '⁰5⁰⁰‘
1029 2621 1057 2676 5¹¹
1110 2631 1193 2701 citis,
1215 2631 1281 2687 mibi
1296 2642 1386 2688 tannen
1406 2630 1487 2689 cedat
1501 2631 1528 2687 iri
1540 2630 1798 2687 remunerationem.
1816 2628 1913 2685 Omni·

257 2722 354 2780 errem
368 2719 534 2792 munitius
547 2726 575 2774 et
595 2716 681 2790 gioria
706 2724 749 2773 esi
772 2712 889 2771 inivisse
908 2726 980 2769 nune
1004 2711 1058 2767 na-
1111 2725 1230 2794 poenita
1245 2722 1403 2793 uriarum,
1418 2723 1512 2790 ines,
1526 2723 1724 2796 omnipotentia
1741 2722 1789 2779 oet
1803 2723 1905 2791 narn,

255 2818 347 2876 tribus
359 2825 464 2882 votum,
475 2828 557 2885 quarn
570 2811 703 2884 cognitori
718 2817 784 2867 tuuc
799 2808 948 2880 prebuisse
962 2803 1056 2864 consi·
1108 2814 1268 2872 enarrarem
1282 2827 1401 2872 vegim,
1411 2815 1513 2888 jugae,
1527 2817 1613 2873 „omi
1626 2830 1775 2873 mmm
1781 2824 1911 2888 pem„

257 2907 337 2965 lium·
358 2904 492 2979 bussud
514 2903 595 2976 bitur
616 2903 705 2958 iextra
727 2900 880 2970 aperitis
901 2908 1057 2971 acronium
1109 2906 1212 2979 pieton
1230 2907 1378 2975 curura,
1395 2907 1503 2964 Domtm
1519 2907 1824 2976 ponteniacensis,
1841 2905 1911 2965 etia

258 3006 318 3067 est,
340 3008 368 3056 et
395 2996 523 3070 quicqiu'd
544 2993 716 3052 interfatibus
738 2992 887 3065 judicantis
913 2992 1058 3063 utrobique
1110 2997 1212 3057 christi
1227 2999 1524 3058 nominavengnpiipg
1537 2999 1661 3057 sisaim,

175 3074 180 3081 ⁶
255 3091 392 3164 signatum
418 3098 477 3159 est,
501 3087 595 3146 sedula
617 3085 787 3144 breviatione
806 3084 946 3153 succinti,
962 3100 1059 3143 conse·

715 3179 722 3192 .
863 3183 866 3190 ⁴
1291 3114 1726 3187 Expliciteps’stolncnpitslorsm.

256 3192 373 3256 quanter
384 3183 498 3257 alligeris
508 3183 591 3240 etiam
603 3181 806 3254 perordinem,
828 3190 907 3239 notas
921 3179 1059 3239 calculan-

290 3319 331 3393 (ι)
345 3319 396 3375 Hic
413 3319 518 3375 olseron
543 3317 610 3371 linnc
630 3315 807 3386 prclntionem
819 3314 1064 3386 metuntumcopi-
1116 3329 1167 3368 non
1192 3322 1251 3368 sunt
1268 3313 1421 3369 breuiarium
1448 3313 1481 3368 ub
1510 3313 1557 3368 boc
1571 3321 1679 3369 auctore
1699 3315 1862 3383 consectum,
1885 3323 1913 3367 st

254 3392 368 3446 sumans
394 3388 547 3447 Collntiotiis
581 3386 814 3460 Cortbnqinensis,
850 3386 920 3453 qnod
937 3401 1004 3456 opus
1027 3392 1064 3439 est
1116 3385 1179 3439 uiris
1204 3385 1240 3440 uli
1296 3385 1301 3396 '
1339 3384 1492 3441 doctissimis
1508 3385 1592 3440 oisnrn
1612 3392 1660 3450 est,
1674 3384 1837 3456 sedipsoniet
1852 3393 1913 3438 ncta

255 3460 404 3518 llmccllini
417 3458 578 3514 Memoriolis
589 3474 599 3512 .·
612 3474 672 3513 notri
688 3456 757 3527 quod
777 3463 875 3528 spectus
894 3456 1018 3526 adnoto,
1034 3424 1101 3509 ecc
1118 3453 1261 3511 Notarium
1301 3455 1476 3528 pullicorum,
1486 3456 1621 3528 stirpensi
1634 3465 1713 3528 potet.

330 3694 435 3934 *²⁸¹⁶
480 3705 1053 3856 INCIPIUNT
1135 3702 1686 3858 CAPITULA

854 3983 1312 4092 tunsionum.

1587 4193 1594 4206 Ο

710 4212 1508 4256 amu-w·-

295 4347 323 4405 l.
340 4341 379 4403 De
390 4341 607 4401 asunnottteio.
1140 4342 1192 4400 is.
1206 4343 1363 4400 Prosecntio
1375 4343 1578 4399 Donatistarum
1594 4343 1692 4402 similis
1714 4349 1888 4420 precedenti.

295 4418 324 4472 2.
336 4417 376 4472 De
388 4413 519 4497 ingressis
530 4413 676 4495 episcopis.
1146 4415 1191 4471 lb.
1202 4413 1379 4471 luterlocntio
1388 4414 1461 4486 qnod
1474 4429 1525 4470 suo
1535 4414 1631 4473 ordine
1641 4420 1732 4475 omnia
1748 4422 1841 4494 peragi
1855 4422 1905 4481 de·

298 4488 329 4545 5.
347 4487 523 4541 interlocutio
534 4483 567 4538 de
581 4483 711 4553 qualitate
722 4482 837 4554 negotii,
855 4483 900 4540 nbi
912 4484 991 4555 jubet
1003 4484 1056 4541 sibi
1115 4484 1198 4553 beot,
1215 4495 1244 4542 et
1252 4486 1330 4556 iubet
1342 4486 1452 4543 recitari
1466 4500 1526 4556 quac
1538 4485 1654 4543 dixerat.

261 4554 1056 4697 ⁰⁰t¹²‘ltlttttitltttlt‘ttt't'tilli.t.....n
1108 4555 1774 4698 nialtnflllliiilldliin⁰⁰m¹⁵⁸¹¹fflm⁹‘¹¹
1788 4579 1841 4637 ι’
1855 4564 1908 4622 ⁸⁵¹²*

260 4701 346 4756 sione.
722 4694 728 4708 '
1069 4655 1098 4718 D
1149 4697 1193 4754 ts.
1208 4696 1382 4755 interlocutio
1408 4709 1437 4754 ut
1460 4698 1661 4758 catholicorum
1693 4704 1807 4776 epistola
1834 4707 1907 4780 lege-

296 4770 324 4825 ll.
339 4766 563 4828 nectanoedtcti
578 4780 627 4838 per
648 4764 720 4836 quod
734 4765 892 4838 congregari
914 4766 1058 4838 episcopos
1110 4778 1195 4825 retur.

259 4839 347 4910 jabes.
486 4909 493 4921 ⁰
603 4907 609 4920 θ
643 4906 650 4919 .
690 4905 697 4919 ι
771 4909 777 4920 .
1148 4839 1192 4895 lli.
1207 4840 1339 4897 llecitatio
1377 4841 1500 4914 epistola
1537 4842 1755 4912 catholicorum,
1789 4848 1816 4905 iii
1853 4863 1904 4920 qua

296 4909 324 4964 6.
338 4910 512 4966 interlocutio
526 4907 560 4964 dc
575 4909 628 4964 alio
640 4906 878 4991 indiceeltgendo.
1010 4937 1015 4946 ,
1110 4910 1199 4968 edicto
1208 4913 1381 4968 consentiunt
1404 4923 1432 4969 et
1450 4913 1622 4972 conditiones
1646 4918 1795 4975 Donatistis
1805 4933 1905 4992 propo·

236 5011 242 5026 =
296 4979 323 5035 7.
338 4980 490 5051 Responsio
502 4978 721 5046 Donatistarum,
736 4977 870 5050 chndiee
890 4993 945 5035 non
967 4990 1060 5052 postu·
1110 4990 1189 5036 nunt.
1680 5030 1689 5038 .

259 5048 326 5108 lato.
486 5122 492 5134 ,
696 5121 702 5134 ι
1146 5052 1191 5107 l'l.
1206 5051 1340 5110 Recitatio
1361 5050 1441 5109 edicti
1466 5052 1493 5110 in
1508 5070 1563 5126 qno
1585 5058 1738 5132 (cognitor)
1760 5073 1791 5118 se
1812 5061 1904 5119 onmis

297 5116 513 5178 &interlocutio
531 5120 602 5193 qnod
613 5120 722 5184 collatio
737 5120 818 5177 luerit
839 5122 991 5194 postulata,
1002 5138 1058 5180 non
1110 5123 1309 5194 publicaturum
1322 5124 1420 5197 populo
1431 5123 1583 5193 pollicetur.

258 5192 355 5265 judei.
462 5261 469 5274 ·
590 5264 595 5276 Ι
793 5263 800 5277 .
1047 5265 1054 5275 ι
1146 5193 1254 5252 tebni
1268 5196 1399 5253 recitatur
1408 5197 1568 5267 rescriptum
1579 5197 1780 5262 Catholicorum
1792 5218 1905 5278 respon·

295 5264 323 5320 9.
337 5261 489 5333 Responsio
503 5262 700 5320 Donatistarum
710 5305 719 5333 ,
729 5273 758 5320 nt
775 5265 801 5319 ln
813 5274 999 5336 proponerent
1008 5281 1054 5337 qin
1108 5265 1229 5323 dentium
1246 5269 1358 5324 notariae
1372 5266 1584 5328 Donatistarum.

259 5334 431 5416 collationem
446 5331 597 5416 petiissent.
1143 5336 1188 5394 ll.
1210 5336 1382 5394 interlocutio
1407 5336 1442 5393 dc
1470 5336 1671 5400 catholicorum
1698 5348 1900 5417 consensione,

295 5404 340 5462 ll).
355 5404 490 5461 llecitatin
501 5403 597 5469 edicti,
613 5405 659 5461 ubi
674 5405 740 5462 dicit
752 5405 797 5472 qni
813 5404 909 5460 modus
924 5414 953 5461 et
976 5406 1053 5464 locns
1108 5407 1153 5463 ubi
1168 5408 1244 5464 etilli
1272 5408 1476 5481 interrogantur
1489 5419 1580 5468 ntrnin
1589 5415 1784 5473 massiliensi

255 5475 394 5532 collationi
404 5475 440 5531 sit
449 5485 537 5545 aptus,
549 5480 578 5529 et
590 5478 700 5545 quoteni
712 5475 845 5532 deberent
853 5490 915 5532 esec
925 5476 960 5532 ab
970 5479 1052 5533 utris·
1140 5478 1185 5535 20.
1210 5479 1367 5538 Prosecutio
1391 5483 1593 5541 Donatistarum
1616 5486 1651 5543 de
1673 5495 1797 5559 tempore
1818 5498 1847 5547 ct
1868 5489 1903 5547 de

256 5560 310 5618 quc
325 5548 461 5619 partibus,
477 5547 523 5617 qul
538 5559 648 5601 sarisam
664 5555 835 5630 peragerent.
1105 5550 1240 5621 personis.

291 5619 336 5676 ll.
351 5617 401 5676 Ubi
407 5617 485 5689 jubet
495 5615 618 5688 cognitor
631 5618 739 5701 recitari
760 5633 820 5690 qua
844 5626 909 5676 ante
922 5616 1048 5678 collatio·
1138 5621 1184 5677 it.
1211 5619 1387 5680 interlocutio
1411 5634 1441 5682 nt
1464 5635 1556 5684 certus
1572 5643 1701 5686 numerus
1716 5632 1903 5688 constituatur

250 5703 315 5750 ueni
325 5703 388 5764 pars
408 5696 678 5763 utraqueperegent.
1101 5699 1224 5752 actorum
1238 5696 1388 5755 secundun
1402 5695 1502 5756 lectum
1522 5697 1654 5758 edictum.
1719 5741 1722 5746 .
