4142 6175
175 222 228 307 'l'll

775 226 938 284 lllSTDllld
957 225 1239 284 boututstsutttt.

1775 239 1827 294 778

174 340 350 411 probaretur,
364 339 502 398 oculorum
517 342 640 400 dolorem
655 345 756 418 lingens
771 346 804 403 ad
817 363 974 405 consessum
990 348 1147 411 Asilaana.
1160 377 1197 389 -
1210 347 1273 403 ilaec
1298 348 1372 418 prior
1398 363 1461 418 para
1485 351 1592 423 synodi.
1618 353 1757 411 Posterior
1780 359 1830 413 luit

175 445 288 487 suorum
304 433 452 502 procedere
467 436 619 508 trepidavit.

211 523 374 583 decorantur
385 529 472 599 plures
484 530 670 588 Traditianisa
684 534 815 591 Secarrdo.
831 535 979 607 Purpurias

178 616 314 673 homicidii
326 629 464 676 moueatur
489 622 611 692 [moriter
635 627 778 695 respoudit.
805 628 980 682 Absoluuntur

176 728 265 769 ornnes
281 712 335 770 Deo
346 728 448 772 sauata
459 734 549 774 earum
562 737 693 777 caasa-
702 722 732 778 ln
746 722 867 779 Concilio
880 739 977 795 propo·

177 809 260 864 situm
271 818 314 865 est
324 824 339 864 a
351 810 488 879 Secundo,
501 824 529 869 ut
539 824 684 887 antequam
697 817 855 888 episcopum
867 817 978 875 ordina·

178 912 250 972 rent,
266 904 413 973 probarent
425 920 486 962 sese
498 906 646 974 adstantes,
664 908 714 966 boc
727 920 779 977 est,
792 918 938 981 purgarent
950 926 980 968 se

180 996 214 1051 ab
226 997 444 1054 mutationibus
456 1006 504 1054 arrt
522 1001 721 1070 suspicionibus
740 1004 894 1058 criminum.
911 1002 979 1058 Turn

180 1087 204 1143 is
217 1088 349 1144 Donatum
361 1089 564 1147 Marcolitanum
576 1094 763 1166 interrogauit,
779 1112 841 1151 rrum
857 1096 982 1151 tradidis-

180 1188 239 1243 set;
253 1179 297 1235 lric
308 1197 396 1253 neqrre
409 1181 508 1240 iactam
520 1185 634 1257 ingenae
645 1186 733 1243 lassas
742 1199 794 1256 est,
806 1204 892 1259 tregue
903 1191 983 1259 plane

182 1272 307 1343 negarit,
319 1273 367 1329 sed
380 1275 520 1343 respondit
533 1291 563 1333 sc
577 1279 720 1348 quesitum
732 1295 747 1333 a
758 1278 840 1335 Floro
855 1288 883 1335 ut
898 1280 984 1336 timri-

181 1363 280 1419 licarct
299 1374 326 1418 ιι
349 1363 477 1421 traditum
501 1383 554 1422 non
577 1367 662 1425 luisse
683 1369 710 1425 in
734 1385 832 1426 nrarrus
846 1372 921 1441 ejus:
938 1372 984 1426 ad·

182 1455 268 1522 dens,
291 1456 353 1526 puio
375 1455 446 1513 Deus
468 1459 532 1513 ntilri
552 1459 669 1528 dimisit,
690 1478 751 1534 crgo
772 1471 795 1518 et
814 1474 842 1517 tn
857 1479 930 1518 serua
944 1480 985 1518 me

181 1547 255 1616 Deo,
271 1547 308 1604 ita
323 1549 430 1606 reniam
445 1551 568 1607 criminis
583 1554 660 1624 ‹guasi
673 1553 785 1610 admissi
806 1565 919 1628 pateus;
941 1556 985 1610 cui

182 1645 305 1713 reposuit
324 1644 485 1702 Secundus?
503 1646 573 1712 Quid
585 1664 645 1719 erpo
655 1647 751 1717 lactari
766 1665 853 1703 sumus
869 1649 899 1703 dc
914 1628 988 1702 ntur·¹

1030 438 1129 495 electio
1153 449 1181 496 et
1206 439 1342 497 ordinatio
1367 442 1487 511 episcopi
1512 443 1539 498 in
1566 443 1654 500 locum
1681 447 1827 504 demortui.

1031 531 1159 589 Silvanus
1181 532 1203 588 is
1227 532 1260 588 de
1284 549 1339 605 quo
1360 536 1436 607 prius
1458 534 1581 606 dictum,
1603 540 1649 609 qui
1672 540 1723 595 sub
1746 541 1830 598 Paulo

1030 623 1161 694 episcopo
1183 625 1321 681 lucernam
1341 639 1368 682 et
1387 628 1562 698 capitulatam
1582 642 1740 697 argenteam
1759 633 1831 690 uitro

1029 716 1198 783 tradiderat,
1214 717 1369 788 propositus
1382 729 1424 774 est
1438 730 1467 775 ut
1482 721 1655 779 ordinaretur
1670 726 1695 778 in
1711 725 1771 795 ejus
1789 727 1831 783 ln-

1030 822 1110 863 cum:
1131 817 1195 864 tunc
1213 824 1227 862 a
1249 811 1348 879 populo
1361 812 1539 867 acclamatum
1559 823 1617 870 est:
1635 814 1757 871 Traditur
1775 829 1827 880 est.

1030 896 1099 951 alius
1113 900 1160 967 piat
1168 916 1178 965 ;
1192 917 1286 967 purum
1299 910 1323 954 et
1336 900 1462 974 integrum
1475 903 1554 959 cireen
1570 916 1685 962 nostrum
1699 910 1828 964 colurnus.
1851 918 1853 922 ·

1032 991 1171 1048 Adversus
1182 992 1262 1064 lrujus
1275 995 1437 1052 eiectionem
1449 999 1624 1055 reclamatum
1637 1013 1678 1058 est
1690 1020 1705 1057 a
1717 1005 1791 1061 clera
1805 1015 1832 1061 et

1032 1084 1067 1137 ab
1086 1085 1226 1142 lronoratis
1243 1088 1364 1155 cit·ibus;
1383 1090 1431 1146 sed
1449 1094 1566 1148 arenarii
1586 1097 1678 1151 rustici
1696 1098 1797 1168 aliique
1817 1114 1833 1153 c

1032 1175 1079 1230 vili
1101 1178 1242 1246 plebecula
1263 1181 1389 1237 mercede
1408 1183 1534 1240 conducti
1557 1184 1584 1241 in
1602 1203 1665 1242 area
1684 1201 1832 1261 nrarryranr

1034 1271 1183 1329 borroratos
1202 1275 1276 1330 circs
1289 1275 1472 1343 incluserunt,
1488 1294 1522 1334 ac
1536 1281 1672 1336 sublatum
1694 1284 1833 1339 Siluanum

1034 1377 1049 1415 a
1064 1361 1137 1417 lluto
1150 1367 1276 1421 arenario
1288 1368 1446 1438 episcopum
1460 1372 1679 1439 proclamarunt,
1693 1390 1772 1444 quern
1785 1375 1836 1433 Sc·

1034 1454 1139 1511 caridus
1152 1464 1181 1511 et
1195 1457 1239 1512 alii
1255 1460 1375 1531 episcopi
1390 1461 1435 1532 qui
1448 1461 1549 1516 Cirtam
1563 1476 1750 1521 conuenerant
1762 1469 1836 1524 ordi·

1036 1560 1145 1602 cratere.
1168 1550 1189 1603 Α
1214 1550 1327 1606 Silvano
1349 1552 1463 1621 deinde,
1485 1558 1664 1625 praesentibus
1683 1559 1836 1632 episcopis,

1036 1636 1130 1694 uretur
1150 1641 1296 1713 presbyter
1316 1654 1358 1699 est
1379 1643 1537 1714 ordinatus,
1552 1649 1597 1719 gai
1619 1660 1647 1705 ut
1667 1650 1745 1707 lieret
1760 1668 1839 1723 pres·

184 1735 349 1807 tpribaspuia
360 1752 411 1792 ιιοιι
422 1736 598 1815 tradiderunt,
612 1748 635 1793 et
647 1739 827 1794 ideoeoronati
837 1741 917 1794 sarit?
930 1740 982 1794 Do·
997 1727 1020 1786 Β
1034 1726 1114 1801 ῧιῑθῐ
1132 1730 1225 1801 Vlsslllll
1246 1733 1326 1792 lolles
1345 1734 1453 1791 SllV³⁰⁰
1468 1735 1557 1805 dedit,
1573 1755 1642 1809 tl¹¹⁰⁸
1662 1750 1725 1797 a'tle
1745 1743 1839 1801 catire-

185 1835 266 1883 uatus
285 1842 393 1883 rursum
409 1828 463 1883 att:
481 1827 658 1884 aratrorum
673 1828 774 1898 Derris,
789 1830 985 1886 ettttreddrrn
1036 1822 1113 1879 oram
1128 1826 1319 1897 episcoporum
1334 1830 1453 1898 positos,
1470 1831 1523 1902 ipsi
1539 1834 1689 1890 divisarum
1710 1837 1779 1891 turer
1797 1852 1837 1894 sc.

183 1921 321 1975 serronem,
332 1920 401 1977 'ram
414 1922 557 1980 Secundus
568 1924 651 1991 jussis
665 1940 728 1980 gum
739 1925 870 1981 recedere
884 1926 910 1981 t„
924 1942 985 1996 pgr.
1039 1915 1102 1971 llaec
1117 1918 1208 1972 omitia
1230 1919 1357 1989 patefecit
1378 1920 1563 1979 b'undinarius
1583 1925 1686 1981 Silvani
1708 1926 1840 1985 diaconus

185 2023 239 2071 tcm
257 2012 376 2072 'aiteram
399 2024 428 2071 et
448 2024 521 2072 stare
535 2016 612 2083 acrasi
627 2032 715 2073 reum.
736 2017 840 2073 Deinde
855 2018 988 2074 llarinum
1038 2007 1124 2063 libius
1142 2009 1274 2067 adversus
1293 2013 1451 2083 episcovum
1472 2030 1550 2070 suum
1572 2032 1587 2070 a
1608 2032 1662 2088 quo
1677 2018 1765 2074 luerat
1780 2020 1841 2076 loco

184 2106 318 2178 alrdquis
332 2106 488 2164 'tibilitanis
504 2108 679 2179 compellarit
699 2108 741 2166 iris
755 2110 864 2166 uerbis:
887 2109 989 2166 Dicitur
1039 2111 1140 2156 molus·
1162 2102 1229 2170 0⁰³2
1251 2120 1296 2160 “³⁸
1320 2105 1482 2175 P¹¹ll¹¹ll¹¹¹¹¹
1504 2108 1690 2166 limatensem
1708 2121 1736 2167 el
1756 2112 1839 2168 elium

183 2208 209 2255 et
223 2207 248 2255 te
261 2199 408 2254 tradidisse.
425 2198 576 2269 Respondit
590 2201 711 2257 Marinus
726 2216 755 2257 se
775 2202 884 2259 dedisse
905 2202 990 2260 Paulo
1040 2193 1163 2265 ejusdem
1180 2195 1307 2254 lectionis
1320 2199 1480 2272 episcopatu
1501 2204 1609 2258 uotrtlttc
1630 2203 1842 2276 Ferietur-impu-

183 2292 321 2360 (ςιηῃιιι,
336 2294 446 2351 codices
461 2310 528 2350 gero
541 2310 606 2351 suos
621 2296 711 2351 salros
724 2311 804 2363 essc;
821 2297 894 2352 bunc
907 2299 989 2353 eriam
1041 2284 1090 2350 tit,
1105 2294 1134 2341 ut
1146 2287 1180 2341 ad
1194 2288 1335 2345 Siluanum
1347 2302 1374 2346 et
1388 2292 1421 2347 ad
1435 2293 1574 2350 Cirtenses
1586 2297 1737 2352 scriberent
1748 2300 1843 2369 quavis

184 2385 212 2440 jn
223 2394 330 2457 pamm
343 2386 456 2443 arcemn]
468 2386 599 2445 secedere
609 2388 691 2459 jussae
703 2388 855 2446 Qunam,
870 2390 991 2446 pompus
1042 2377 1149 2433 ratione
1160 2377 1320 2437 Nundinarii
1334 2382 1440 2439 diaconi
1454 2386 1638 2442 exulceratum
1651 2391 1770 2445 animam
1784 2391 1841 2460 pla·

184 2477 352 2537 calamensis
364 2482 399 2538 ab
410 2496 443 2538 co
455 2480 581 2537 similiter
594 2482 793 2553 iuterrogatus,
809 2482 949 2553 respondit
961 2497 992 2539 se
1042 2469 1098 2523 edil
1118 2478 1264 2540 ⁰ll⁰ll0f02
1283 2487 1319 2528 ¹¹⁰
1336 2490 1396 2543 lilla}
1410 2475 1510 2532 sciebat
1528 2477 1615 2546 balim
1628 2477 1730 2534 laceret
1749 2498 1755 2532 ²
1771 2481 1843 2549 (iuml

185 2573 295 2631 dedisse
316 2573 425 2630 meiere
446 2573 640 2639 medicinales,
662 2582 690 2629 es
709 2575 761 2630 [ως
779 2590 911 2645 respons„
930 2574 993 2630 paro
1043 2576 1104 2617 eum
1119 2562 1219 2617 lactum
1233 2580 1286 2620 non
1300 2565 1411 2634 luisset,
1427 2566 1553 2624 Siluanus
1568 2568 1665 2624 barum
1681 2586 1771 2625 rerum
1795 2571 1845 2626 dn-

185 2666 262 2723 stetit
274 2667 303 2721 ip
318 2666 419 2723 medio,
435 2665 558 2723 victora
574 2665 723 2724 Russigade
742 2677 886 2723 accusatus
905 2682 920 2722 a
941 2667 992 2725 Sp.
1044 2665 1170 2713 cumettldl
1184 2670 1212 2714 el
1225 2667 1309 2716 leSleS
1322 2660 1445 2718 caltibttit
1457 2676 1549 2717 curant
1563 2662 1714 2734 Zerropbilo
1727 2680 1844 2735 precatr-

186 2760 276 2816 cuado
288 2760 360 2831 guod
375 2759 534 2818 tradidisset
547 2769 664 2834 arratuor
676 2761 841 2832 Evangelia,
856 2772 949 2832 aperte
961 2777 994 2818 ac
1044 2749 1121 2817 sule,
1137 2758 1166 2804 ¹¹¹
1179 2750 1279 2806 'libell
1290 2761 1378 2823 gesta.

187 2853 247 2907 sine
262 2851 326 2907 ullis
344 2851 506 2923 arribagibus
525 2851 627 2908 crimen
647 2850 737 2908 lassus
756 2861 815 2909 est:
832 2851 995 2909 Valentinia-
1083 2841 1328 2915 Orldwllltmflllt·
1341 2844 1758 2904 lattcllloeeltututCoect'lluuttut
1769 2853 1843 2907 llaec.

188 2958 256 3011 rm,
273 2944 378 3014 inquit,
394 2942 505 2999 cerasos
523 2945 592 3013 spir,
607 2943 662 3015 lgm
675 2961 716 3000 me
730 2947 812 3016 cappa
826 2955 854 2999 m
868 2946 996 3002 meram
1047 2963 1081 2972 -
1096 2933 1275 3000 Qurrntumris
1301 2936 1443 2993 Secundus
1458 2938 1624 3011 Tigisitanus
1643 2952 1670 2995 ct
1694 2941 1846 2999 blensurius

187 3034 235 3092 {tta
243 3051 253 3103 5
269 3033 448 3091 perderemur„
461 3035 526 3091 mter·
540 3036 656 3108 insurge,
671 3045 695 3091 ιι
709 3036 826 3111 {puppes
840 3034 903 3091 mitri
915 3036 992 3093 opp„
1047 3025 1271 3098 Cartlragincnsis
1286 3044 1342 3084 non
1358 3030 1427 3086 bene
1441 3032 1656 3101 concordarent,
1671 3032 1847 3092 nihilominus

189 3129 249 3186 lloe
262 3144 398 3202 responsa
411 3130 476 3208 data
490 3131 582 3186 statim
598 3146 659 3186 curn
676 3132 734 3187 reis
748 3139 822 3187 stare
834 3130 926 3201 jussus
940 3113 1029 3188 ΜΕ
1048 3125 1136 3174 taruco
1155 3119 1284 3191 quamdiu
1299 3122 1365 3178 vixit
1387 3123 1554 3190 Massurius,
1579 3125 1680 3180 nullum
1705 3126 1776 3182 iuter
1798 3144 1846 3182 cns

189 3221 260 3279 Tum
267 3221 623 3293 Purpuriumbimatensem
637 3236 691 3277 uon
706 3221 868 3288 traditionis,
882 3223 930 3278 sed
946 3223 994 3278 bo·

191 3315 295 3374 tuicidii
310 3316 476 3373 insimulavit
491 3315 652 3383 Secundus,
668 3319 703 3371 ita
726 3331 788 3372 eum
807 3317 993 3387 conrpeilans:

192 3410 296 3466 Dicitur
309 3417 334 3465 te
344 3426 447 3465 necasse
457 3410 526 3480 filios
536 3410 630 3464 sororis
643 3419 694 3465 tusc
708 3411 773 3465 duos
787 3409 871 3466 blilei.
885 3410 935 3466 llic
947 3412 994 3466 lto·

192 3518 241 3559 mo
249 3501 325 3558 lema
337 3510 366 3559 et
377 3500 642 3573 impudens,'crimen
652 3502 757 3557 illatum
770 3502 798 3557 iu
808 3510 994 3558 accusatorem

196 3596 324 3653 retorsit:
338 3595 422 3651 Putas
433 3638 441 3664 ,
453 3595 540 3668 inquit
555 3595 694 3664 Secundo,
708 3612 748 3651 me
762 3599 853 3652 terreri
865 3614 881 3651 a
892 3607 916 3652 te
928 3598 996 3654 sicut

196 3701 220 3744 et
234 3687 282 3745 alii
290 3688 304 3743 i
316 3686 358 3743 Tu
370 3687 434 3756 quid
449 3687 541 3760 egisti,
557 3689 601 3758 gui
616 3698 703 3742 tentus
716 3704 744 3743 es
756 3705 773 3742 o
786 3699 903 3743 curatore
915 3698 940 3743 et
955 3704 996 3743 ar·

196 3781 298 3836 discut
312 3783 456 3852 scripturas
470 3782 567 3836 darssl
582 3773 718 3849 massada
733 3794 758 3836 te
771 3781 887 3837 liberasti
906 3781 938 3837 ab
958 3777 998 3849 ip-

197 3875 251 3937 sis,
266 3874 318 3928 nisi
330 3874 391 3943 quic
409 3874 519 3939 dedisti,
541 3883 587 3929 aut
599 3874 704 3946 jussisti
723 3875 781 3928 dari
802 3875 1000 3946 quodcumque?

198 3982 261 4022 rrum
274 3979 325 4021 nort
339 3975 363 4021 ιι
376 3965 538 4023 dimittebant
553 3966 660 4036 passim.
675 3965 744 4022 Tum
760 3968 786 4021 in
802 3969 890 4024 minas
906 3983 1001 4040 proru-

199 4062 256 4132 pit:
275 4058 349 4134 ls'go,
366 4060 473 4131 inquit,
487 4061 589 4125 occidi,
605 4072 629 4115 et
642 4061 730 4116 occido
744 4077 787 4117 eos
800 4063 845 4135 gui
858 4073 949 4118 contra
963 4079 1002 4118 me

202 4155 320 4228 facium:
335 4163 363 4227 lo
376 4153 493 4210 lerinam
506 4154 718 4211 immanitatem!
729 4153 739 4228 )
753 4156 810 4210 idea
823 4156 877 4211 noli
889 4172 929 4211 me
941 4171 1002 4225 pro-

201 4261 294 4302 uocare
307 4246 407 4319 utplus
422 4246 527 4314 dicam,
542 4246 593 4301 scis
607 4248 690 4301 mede
704 4247 806 4301 nemine
819 4256 941 4302 tractare.
957 4245 1002 4302 Si·

203 4344 260 4399 mal
274 4358 371 4399 ornnes
385 4342 424 4399 rei
439 4351 548 4400 stantes
564 4356 734 4400 murmurare
753 4351 895 4414 coeperunt
908 4342 1005 4399 adrc'r-

205 4450 252 4493 sus
273 4434 440 4491 &cundum
461 4434 539 4506 Quod
559 4434 654 4491 tideus
677 4434 817 4490 Secundus
837 4434 907 4490 alter
924 4433 1004 4504 buius

1047 3213 1167 3269 schisma
1180 3216 1285 3284 erupit:
1306 3226 1335 3272 at
1349 3232 1382 3272 co
1398 3227 1520 3284 ruortuo,
1541 3217 1576 3272 ab
1594 3217 1689 3274 iisdem
1710 3219 1846 3292 episcopis

1048 3306 1094 3376 qui
1107 3306 1223 3361 coracilio
1234 3306 1353 3364 cirtensi
1367 3308 1525 3374 adfuerant,
1539 3309 1711 3367 ordinatione
1724 3312 1848 3383 llajorini

1048 3413 1128 3468 quern
1147 3396 1295 3455 Caeciliano
1318 3401 1394 3471 prius
1415 3401 1539 3457 ordinato
1558 3414 1760 3473 opposuerunt,
1780 3403 1848 3459 Carr-

1050 3489 1217 3561 rheginensis
1236 3494 1350 3561 primum
1369 3493 1508 3558 Ecclesia,
1526 3508 1559 3550 ac
1578 3503 1672 3564 postea
1691 3504 1746 3551 tota
1760 3496 1849 3553 dir-ica

1051 3582 1078 3641 tn
1101 3582 1169 3639 duras
1189 3594 1281 3652 partes
1300 3585 1384 3640 scissa
1405 3596 1458 3641 cst.
1474 3585 1555 3657 Cujus
1575 3586 1717 3643 dirisiorris
1732 3588 1808 3657 origo
1822 3598 1850 3643 ct

1050 3692 1141 3733 causa
1157 3679 1310 3735 accuratius
1329 3690 1355 3735 et
1372 3679 1523 3750 elegantius
1537 3679 1655 3737 describi
1669 3695 1722 3736 nou
1738 3692 1851 3751 possunt

1051 3784 1131 3839 quam
1153 3769 1219 3839 ipsis
1241 3770 1331 3840 Optati
1354 3770 1457 3827 uerbis,
1479 3770 1551 3840 lloc,
1573 3772 1677 3843 itrquit,
1704 3769 1850 3846 (s'clrismo)

1052 3860 1124 3931 apud
1137 3858 1318 3932 Carthaginem
1333 3873 1389 3934 post
1402 3863 1592 3918 ordinationem
1606 3863 1741 3919 Caeciliani
1754 3867 1851 3934 sactum

1052 3968 1122 4020 csse,
1137 3969 1212 4008 neura
1225 3955 1316 4025 estqui
1331 3955 1447 4009 nesciat:
1459 3971 1506 4024 pcr
1519 3953 1648 4009 Lucillam
1663 3956 1777 4022 scilicet,
1807 3972 1851 4009 ne·

1052 4044 1106 4098 scio
1125 4060 1202 4114 guam
1221 4044 1352 4117 [seminam
1377 4046 1528 4117 factiosam:
1550 4061 1608 4116 quta
1631 4033 1690 4100 date
1703 4061 1852 4099 concursant

1055 4139 1239 4207 persecutionis
1258 4138 1402 4193 turbinibus
1420 4155 1525 4209 pacem,
1547 4138 1608 4193 dum
1625 4139 1711 4192 udlruc
1731 4139 1759 4192 in
1782 4148 1856 4194 tratr-

1054 4230 1136 4301 aaillo
1154 4241 1218 4286 essct
1236 4230 1369 4298 Ecclesia,
1391 4249 1450 4287 cunt
1469 4234 1654 4302 correptionem
1677 4232 1854 4287 archidiaconi

1056 4319 1190 4379 Caeciliani
1205 4327 1273 4396 terre
1286 4342 1338 4380 non
1353 4333 1452 4394 posset:
1469 4340 1526 4396 ιιι
1540 4336 1599 4379 aare
1612 4325 1755 4396 spiritalem
1770 4325 1854 4379 cibum

1056 4424 1081 4470 et
1092 4426 1195 4485 patum,
1209 4432 1238 4471 os
1251 4418 1420 4487 nesciocuius
1432 4419 1564 4489 martyris,
1578 4418 1601 4472 si
1614 4426 1698 4472 tantm
1722 4419 1854 4490 narrprr'r,

205 4528 299 4585 gram,
319 4528 408 4595 praua,
428 4538 555 4598 mgnum
574 4528 615 4583 sag
629 4527 764 4583 appocupug
778 4535 837 4582 est:
853 4527 934 4582 pugg,
948 4540 1005 4596 Μ
1017 4510 1043 4571 Ι)
1056 4508 1138 4563 libore
1150 4509 1298 4565 dicebatur:
1312 4523 1335 4565 et
1353 4526 1411 4564 cunr
1430 4519 1589 4582 praeponeret
1608 4511 1683 4566 calici
1700 4512 1856 4582 salutariter

207 4624 276 4680 dieat
288 4623 316 4678 iu
328 4623 372 4676 tel
385 4632 492 4692 paratus
505 4632 542 4678 est
555 4625 672 4677 recedere
683 4630 708 4675 et
720 4620 832 4676 sclrisma
845 4622 939 4691 tmere,
955 4636 1006 4676 nan

207 4724 310 4769 tontum
323 4715 389 4786 ipse,
404 4714 449 4769 sed
461 4722 485 4768 et
498 4726 586 4769 earnes
598 4727 661 4783 quos
674 4713 764 4785 arguis
772 4728 782 4779 ‚·
801 4710 927 4784 quasscio
946 4710 1008 4780 qrtia

210 4811 339 4867 dimittere
351 4822 374 4867 te
387 4810 482 4867 tabent
501 4819 525 4866 et
549 4810 612 4866 dare
626 4811 653 4866 in
667 4820 693 4866 te
704 4810 872 4874 sententium,
887 4820 912 4864 ιι
925 4825 1009 4864 rente·

210 4904 283 4960 trebir
302 4905 373 4960 solus
394 4901 551 4960 baereticae:
569 4903 627 4959 ideo
646 4903 710 4974 guid
728 4889 764 4957 acl
782 4910 806 4957 te
825 4902 934 4973 pertinet
953 4901 1010 4971 guis

211 4998 275 5067 aoid
287 4998 358 5072 egit?
368 4996 423 5053 Deo
436 4995 510 5052 labet
522 4996 627 5051 reddere
638 4996 776 5050 rationem.
788 4994 857 5050 Tum
870 4991 1011 5051 secundm

213 5089 380 5160 tigisitanus
394 5088 421 5145 id
436 5100 579 5156 metuens,
593 5087 725 5144 consultis
737 5086 847 5143 Victore
861 5084 1011 5154 Garbensi,

215 5181 306 5239 Felice
326 5181 487 5246 allatuin,
508 5189 536 5236 et
555 5179 660 5236 dabore
679 5195 695 5234 a
714 5179 903 5242 Centurionis,
927 5178 1013 5234 tribus

214 5272 321 5330 scilicet
330 5272 467 5343 judicibus
479 5271 671 5342 superstitibus
682 5271 729 5342 qui
743 5269 770 5325 in
784 5268 947 5325 sententiam
961 5267 1011 5324 Se*

215 5364 298 5422 cundi
319 5364 432 5421 minoris
453 5361 655 5420 descenderunt
673 5371 701 5419 et
720 5360 802 5417 talem
823 5375 932 5416 carosam
956 5359 1013 5416 Deo

216 5456 322 5529 serram
346 5454 447 5512 debere
470 5468 654 5522 censuerunt,
681 5470 791 5512 reorum
814 5453 1013 5510 absolutionem

217 5545 422 5619 pronuntiarit,
437 5560 541 5618 eosque
554 5545 652 5603 sedere
663 5546 754 5618 jussit.
768 5545 846 5602 Tunc
858 5544 959 5601 dictum
974 5553 1018 5599 est

219 5641 254 5696 ab
267 5637 396 5693 orrrnibus
409 5636 464 5691 Deo
475 5639 592 5709 pretias,
607 5647 633 5693 et
646 5637 786 5694 sederunt,

259 5730 396 5803 Ordinatio
418 5729 527 5785 Sitrmri.
555 5727 714 5785 Narndiaarii
735 5729 839 5787 dimetri
857 5728 1018 5787 discentiae

435 5822 573 5886 Persou.
597 5822 653 5884 ΧΙ.

1060 4601 1144 4654 nescio
1157 4601 1232 4672 cujus
1246 4601 1356 4657 leominis
1368 4603 1529 4670 mortai,etsi
1544 4604 1674 4674 reorterio,
1688 4604 1735 4658 sed
1749 4605 1857 4659 necdum

1060 4691 1197 4760 medicati,
1215 4703 1348 4767 correpto,
1375 4710 1433 4748 cunr
1456 4694 1623 4764 confusione,
1644 4692 1761 4748 discessit
1777 4694 1855 4751 irata.

1061 4782 1188 4841 irascenti
1200 4796 1224 4841 et
1237 4786 1351 4854 dolenti,
1367 4803 1398 4841 ne
1411 4786 1554 4858 discipline
1566 4786 1753 4855 succurrrberet,
1769 4802 1860 4842 occur-

1063 4878 1099 4932 rit
1113 4878 1197 4934 subito
1211 4880 1393 4951 persecutionis
1407 4888 1483 4933 enata
1495 4887 1640 4950 trrrtpcstas.

1099 4969 1251 5027 Densurius
1264 4972 1298 5028 ad
1317 4973 1419 5029 curiam
1439 4970 1538 5027 citatas
1557 4980 1713 5026 ornamenta
1733 4972 1862 5031 Ecclesiae

1064 5060 1148 5117 botro
1162 5073 1189 5118 et
1202 5061 1320 5120 celestio
1328 5061 1548 5119 commendat—
1560 5060 1695 5136 hiisdem
1707 5065 1862 5137 temporibus

1065 5152 1144 5211 l’ettr
1164 5155 1270 5224 quidam
1293 5159 1428 5226 diaconas,
1452 5159 1495 5228 qui
1519 5167 1623 5230 propter
1636 5163 1762 5231 [amasam
1777 5161 1862 5216 nescio

1065 5266 1142 5324 guam
1154 5292 1162 5316 ,
1176 5249 1208 5305 de
1222 5259 1330 5321 tyranno
1344 5249 1496 5321 imperatore
1515 5259 1576 5304 tunc
1591 5253 1687 5323 tactam
1705 5252 1862 5322 epistelam,

1065 5342 1210 5416 appellatus
1234 5352 1285 5408 est,
1310 5342 1453 5414 periculum
1477 5346 1582 5407 timens,
1608 5345 1679 5415 apud
1703 5343 1865 5401 ilcnsurr'anr

1066 5439 1214 5510 episcopum
1239 5437 1370 5493 delituisse
1393 5438 1498 5491 dicitur.
1524 5437 1606 5503 Quem
1627 5454 1685 5492 cunr
1707 5441 1864 5509 postulatum

1069 5531 1217 5588 llemurius
1232 5530 1333 5602 publice
1358 5531 1511 5603 denegaret,
1527 5530 1618 5584 relatio
1643 5529 1722 5582 missa
1745 5540 1797 5595 est,
1823 5547 1865 5583 re-

1068 5628 1190 5697 scriptum
1205 5626 1316 5696 territat
1332 5626 1354 5680 si
1369 5623 1517 5679 Mercurius
1532 5615 1645 5676 Felicem
1660 5621 1795 5675 diaconum
1815 5639 1866 5677 non

1070 5719 1243 5789 reddidisset,
1263 5718 1297 5776 ad
1316 5718 1442 5792 palatium
1461 5717 1623 5787 diriperetur.
1649 5714 1793 5768 conuentus
1818 5732 1870 5773 ιιοιι

1570 5803 1610 5864 25
