4142 6175
168 222 231 331 sss
741 268 963 330 caecutiunt
982 266 1097 328 saona
1115 265 1264 324 tentum.
1621 253 1625 261 ’
1766 267 1821 326 sss

121 416 139 439 .
172 385 328 460 peruincunt
347 386 421 442 locus
437 385 483 457 nui
501 387 535 442 ad
549 385 622 443 seclis
636 386 797 458 episcopalis
811 388 969 459 dignitatem
983 388 1007 449 Α
1022 386 1091 441 enirn
1113 385 1138 440 si
1159 381 1468 449 commensurabilem
1484 381 1600 437 disceris
1614 382 1739 455 permissa
1760 400 1821 452 pro·

171 482 309 538 evehitur.
322 478 352 534 ln
367 478 484 535 concilio
507 479 712 551 Carthaginensi
736 481 799 535 antri
830 480 900 549 tut,
924 495 970 535 ca·
1023 477 1108 547 prium
1123 484 1221 529 tanturn
1240 475 1389 546 episcopans
1405 473 1623 539 itabeot‚coeteros
1636 475 1685 530 sibi
1702 492 1754 530 nou
1778 478 1836 531 sin·

172 587 247 629 trono
258 571 293 627 55
303 569 370 626 Cod.
380 569 463 626 Airic.
479 578 644 643 conquestus
657 580 700 628 est
714 568 882 644 Epigonins‘:
896 573 972 639 Quos
1023 568 1239 633 cecesiacum,
1254 568 1316 638 quio
1328 576 1452 646 exempto·
1470 566 1503 622 dc
1523 571 1594 638 [osee
1608 569 1748 623 intuitorum
1765 570 1823 625 sola

171 663 292 737 quesnois
305 662 393 716 metitis
411 663 439 716 in
461 662 578 718 conciliis
591 673 715 718 statutum
729 664 807 733 [uerit
824 673 916 719 ocoetu
929 680 973 719 su·
1023 664 1117 718 innuit
1140 663 1262 717 honorem
1283 663 1444 736 episcopetur
1462 664 1600 735 suscipere.
1624 661 1746 718 Aurelius
1766 664 1823 730 epi·

173 755 312 822 cerdotali,
324 764 352 809 ιιι
364 752 450 825 plebes
462 756 558 826 quein
573 755 722 833 lioeccsibus
744 756 776 810 ab
789 757 916 828 episcopis
930 772 973 812 re·
1024 772 1116 829 scopus
1126 755 1192 812 dicit
1205 754 1286 811 :lion
1301 754 1390 811 dubito
1402 755 1523 810 cbarimti
1536 765 1625 810 cestre
1637 756 1752 810 omniurn
1766 756 1824 827 pla-

173 847 305 914 tiucntur,
320 848 521 918 qneepiscopos
538 864 676 916 numquam
699 848 858 914 babuerunt,
872 848 975 903 nonnisi
1028 863 1097 913 cere,
1122 864 1189 915 eunt,
1211 849 1256 917 qui
1278 848 1305 902 in
1326 847 1429 903 lioeceu
1451 847 1605 902 corrumpitis
1624 847 1754 919 episcopo,
1781 849 1826 918 qui

173 959 236 996 eunt
255 944 387 997 uoturrtole
406 944 462 1015 ejus
475 940 590 1013 episcopi
612 959 627 995 ιι
648 957 699 1011 quo
713 949 840 1008 tenentur,
856 941 976 1013 proprios
1026 940 1159 994 matricem
1181 941 1273 1004 tenuit,
1295 939 1378 995 solam
1395 939 1513 995 erucem
1535 939 1645 993 retinere
1669 937 1775 1010 plebem,
1798 937 1827 993 iu

174 1037 305 1109 accipiam
327 1044 437 1090 rectores
456 1036 601 1106 episcopos.
621 1033 740 1089 Attonren
758 1032 878 1089 nonnulii
891 1032 976 1088 lonti-
1026 1050 1078 1102 quo
1091 1034 1177 1104 sacrm
1191 1034 1336 1090 ordinatus.
1361 1032 1490 1100 Quoniam
1514 1032 1593 1103 ipitur
1615 1032 1736 1087 urrirersu
1755 1031 1825 1087 arbi·

176 1139 242 1184 ιιιιιιι
254 1126 470 1200 quodantuclcpto
485 1127 690 1181 cotrtmuuionem
701 1130 813 1198 [rurum
826 1127 976 1192 obbonem,
1027 1136 1082 1182 tror
1097 1127 1177 1200 suusc
1191 1136 1320 1195 tractato,
1336 1129 1359 1182 si
1371 1128 1528 1182 omniorum
1542 1128 1629 1181 orrinro
1641 1137 1725 1183 uestro
1737 1144 1824 1184 consc-

176 1218 305 1289 belesme,
323 1236 380 1274 cunr
393 1219 525 1292 deprocari
543 1219 649 1289 inerint,
662 1219 736 1291 quasi
750 1219 777 1273 in
790 1217 903 1288 qmuan
919 1235 978 1273 arce
1028 1233 1137 1290 neunt,
1148 1237 1266 1278 sermons
1278 1232 1362 1277 uestro
1379 1229 1472 1276 cuncta
1484 1220 1614 1276 robornte.
1639 1220 1758 1276 iluiuersi
1775 1221 1830 1291 epi·

176 1314 316 1387 tyrannica
329 1312 378 1366 sibi
390 1312 550 1366 lontinotuut
572 1312 715 1377 uindicaret,
731 1322 755 1367 et
773 1312 866 1367 turricli
881 1326 912 1365 oc
927 1319 978 1366 sto·
1029 1316 1103 1386 scopi
1116 1315 1237 1371 alimum
1252 1314 1368 1371 :omnia
1388 1314 1463 1370 nabis
1484 1315 1538 1369 irae
1552 1318 1723 1386 placuerunt,
1738 1323 1762 1370 et
1775 1312 1831 1371 brec

177 1406 232 1464 litii
243 1405 365 1461 aduersus
378 1404 528 1476 episcopum
545 1420 605 1459 suos
622 1406 730 1460 cnrices
744 1403 979 1476 eripunt,uelrorr·
1030 1416 1120 1461 nostru
1139 1407 1326 1479 subscriptione
1350 1407 1530 1477 minuamus,
1562 1416 1587 1461 ct
1612 1406 1830 1478 subscripserunt.

62 1532 73 1549 f
179 1501 255 1555 siclis
269 1497 318 1553 sibi
331 1497 513 1551 concinnantes
528 1495 643 1565 piebem,
656 1498 696 1553 uel
716 1513 841 1567 persuasu
865 1497 980 1569 usalipuo
1030 1501 1152 1558 Aurelius
1169 1504 1304 1575 episeopus
1324 1501 1448 1557 Ecclesite
1469 1501 1678 1574 carthaginensis
1703 1502 1762 1556 lruic
1784 1500 1830 1557 ric·

179 1606 206 1652 et
216 1595 309 1651 illicito
326 1597 414 1667 iecore
433 1596 534 1649 eosdem
552 1594 640 1648 uolunt
654 1593 702 1648 sibi
715 1594 841 1649 collocare
857 1602 979 1648 rectores.
1030 1603 1099 1647 creto
1110 1594 1238 1659 consensi,
1253 1603 1276 1648 et
1289 1595 1407 1663 preelecta
1417 1594 1568 1666 subscripsi,
1579 1594 1698 1649 similiter
1711 1604 1734 1649 et
1746 1594 1832 1650 celei

180 1680 260 1755 Quos
273 1687 376 1759 quiricus
395 1686 494 1757 insipne
514 1686 606 1740 utentis
623 1694 674 1739 tuce
688 1695 802 1741 tenemus
821 1693 922 1750 emunt,
938 1684 980 1738 in·
1032 1687 1149 1755 episcopi
1163 1687 1379 1757 subscripserunt.

181 1781 258 1852 qttit,
272 1782 353 1850 proter
372 1776 492 1849 '‘fiili“
506 1776 607 1845 sareu,
622 1775 665 1843 iii
678 1779 733 1830 ¹¹20
745 1790 814 1841 ‘llil
831 1773 982 1846 iilfilifiii‘
995 1790 1020 1851 Β
1070 1783 1111 1839 Ex
1126 1783 1207 1839 dictis
1220 1783 1275 1838 duo
1285 1783 1459 1854 colliguntur.
1471 1782 1591 1839 Priorum
1616 1782 1642 1838 in
1662 1781 1753 1839 Africo
1776 1782 1835 1853 cpi·

183 1890 235 1928 '¹⁰²¹
249 1872 363 1927 ‘bimi
377 1870 441 1924 ’θ’θ’
455 1871 586 1940 libibinis
607 1867 652 1924 lid
663 1878 776 1939 iiiiii?
789 1883 877 1921 “iiim
899 1866 981 1921 ΜΟ*
1032 1879 1296 1948 scoposconstitutos
1310 1878 1392 1934 inisse
1405 1893 1458 1933 non
1470 1886 1574 1934 tuntum
1585 1877 1611 1932 in
1623 1876 1728 1948 magnis
1740 1876 1837 1933 cirita·

183 1964 329 2036 copitatus,
348 1972 372 2016 ‘¹
389 1976 466 2033 praue
487 1961 637 2015 ‘infinibili
651 1960 761 2015 “iiiiii“
774 1958 823 2013 ¹¹⁰⁶
835 1958 909 2022 dfii·
931 1972 983 2012 '¹⁰²¹
1034 1971 1117 2037 tibus,
1129 1971 1177 2028 seri
1193 1970 1219 2026 in
1235 1971 1364 2027 omnibus
1380 1970 1503 2042 oppidis,
1521 1974 1575 2026 imo
1589 1981 1616 2027 ct
1633 1971 1661 2026 iu
1675 1971 1743 2027 sicis
1755 1980 1836 2043 utqire

109 2072 111 2075 ’
184 2057 277 2112 ‘siim
298 2063 424 2110 '‘iiiiii’‘
442 2053 558 2123 “illim
571 2068 628 2107 ‘im
643 2051 758 2123 ibelim,
773 2066 831 2122 iiii
843 2050 983 2106 ''bamili‘'
1034 2064 1165 2120 castaliis.
1178 2065 1311 2131 Alterum,
1329 2064 1407 2121 iaciie
1422 2078 1507 2119 noros
1530 2064 1703 2136 episcopatus
1730 2076 1837 2121 erectos

183 2164 285 2217 “miei
305 2144 449 2220 'ibimus
464 2161 510 2199 ’κθ
532 2162 653 2216 “millii
679 2144 814 2215 civilium
837 2144 984 2215 ‘imiimi
1034 2158 1061 2214 in
1087 2157 1205 2214 dirersis
1227 2157 1295 2214 iocis
1315 2168 1458 2213 crescente
1473 2172 1587 2213 numero
1608 2157 1738 2224 itleiium,
1753 2156 1835 2214 modo

186 2240 285 2296 '⁸⁰⁶¹‘st
299 2239 464 2310 Qiiiliim
472 2239 495 2319 ’,θ’
508 2237 797 2292 “iiiiiiiiiiiissii'mti
808 2236 885 2291 “ilii
900 2234 985 2307 iiiiii
1036 2250 1204 2306 consentiret
1225 2251 1369 2322 episcopus
1384 2250 1417 2305 ad
1432 2251 1511 2322 cujus
1523 2251 1664 2308 dioeccsim
1680 2251 1756 2307 iocus
1771 2266 1836 2324 pcr-
1854 2294 1856 2297 .

185 2335 252 2401 ¹⁸⁰⁶,
263 2331 332 2403 ‘W
342 2340 491 2402 i'W‘u‘b‘
506 2345 582 2396 ‘imi
603 2329 776 2401 “minim
787 2327 908 2382 ‘bilem‘
930 2325 987 2395 ‘ib'
1038 2342 1150 2399 tinebit.
1163 2343 1232 2399 iiiuc
1243 2352 1316 2398 tanto
1331 2344 1523 2414 episcoporum
1536 2346 1562 2397 in
1575 2343 1664 2401 Africa
1677 2343 1834 2400 multitude.

187 2442 282 2497 ⁸‘iiiiii
303 2425 378 2479 ‘¹515‘-
401 2421 519 2489 Fratris,
534 2433 557 2477 θ’
570 2421 756 2477 mimmii
773 2419 853 2476 'wilfi
867 2434 987 2490 illim·
1039 2435 1072 2491 tu
1084 2434 1193 2505 quidem
1209 2433 1321 2490 secundi
1335 2435 1428 2490 secoli
1445 2435 1524 2490 initio
1539 2437 1704 2507 agrippinus
1723 2436 1838 2493 Cirtisa-

189 2521 252 2575 tioni
269 2536 321 2574 '¹⁰¹⁸
341 2517 437 2573 ⁰⁶³5⁸¹⁰
451 2534 460 2572 ·'
472 2518 517 2572 *Μ
531 2517 580 2571 '⁸⁰⁶
596 2532 635 2570 ’Μ
646 2525 670 2571 et
684 2515 788 2585 leiim,
815 2523 839 2568 θ’
858 2517 986 2584 imbibi*
1038 2525 1158 2598 ginemis
1178 2526 1322 2596 episcopus
1335 2527 1480 2582 concilium
1495 2526 1590 2582 habuit
1604 2527 1759 2599 Cartltagini
1779 2532 1838 2599 piu·

188 2628 244 2667 csse
253 2612 376 2683 profiteor
386 2611 455 2664 circo
466 2625 508 2663 eos
520 2625 592 2672 surm,
605 2606 649 2678 qui
662 2607 757 2676 inerint
771 2602 920 2668 concordes,
934 2620 987 2657 non
1039 2620 1163 2674 ,pmmm
1178 2620 1358 2691 ,ppwwomm
1372 2634 1405 2673 a
1417 2618 1509 2690 ,pm-m
1523 2628 1547 2674 εἰ
1565 2617 1692 2673 Num-pp,
1708 2635 1718 2674 :
1738 2627 1768 2674 u,
1786 2619 1839 2693 cy-

188 2704 273 2759 solum
283 2704 353 2758 circa
368 2699 760 2772 Ecclesium(lortbupineusem,
775 2698 819 2752 secl
833 2698 902 2752 circa
913 2710 988 2752 ontnc
1041 2713 1151 2781 „spanus
1175 2712 1202 2767 ῑῃ
1225 2712 1349 2783 ρρῑςιοιῑς
1374 2712 1424 2778 71,
1440 2711 1473 2766 ad
1499 2711 1628 2780 Quiritum
1641 2721 1668 2768 et
1683 2713 1732 2780 ts,
1747 2712 1781 2768 ad
1793 2712 1841 2769 lu·

189 2797 349 2852 “imiimi
375 2794 541 2850 ‘militm-
570 2791 718 2850 Siillssii'm
740 2788 855 2862 cmliii
886 2788 989 2855 iiiiii
1041 2803 1166 2859 itaianum
1181 2811 1306 2858 testatur.
1321 2801 1467 2859 Numerum
1484 2817 1538 2858 non
1553 2802 1691 2874 exprimit.
1709 2805 1743 2859 At
1758 2818 1841 2859 sanc·

190 2900 277 2945 iiim
298 2905 355 2944 ‘im
376 2886 491 2958 iistil'ii‘
507 2886 636 2959 ifiisli'i·
659 2901 723 2957 ‘liti⁸
738 2882 880 2955 millium»
909 2891 936 2935 ¹⁴¹
949 2881 990 2935 αἱ·
1043 2905 1085 2950 tus
1099 2894 1323 2965 Angustinnsiilt.
1338 2893 1373 2950 de
1384 2895 1464 2950 unico
1474 2894 1612 2964 iiaptismo
1622 2904 1716 2950 contra
1730 2895 1840 2951 Petilia·

187 2994 260 3053 cram
273 2991 325 3048 ar,
353 2998 442 3036 eoram
456 2981 596 3052 scalpentes
613 2994 704 3043 eritas,
720 2976 992 3032 transtorrentem·
1043 3002 1118 3051 nunt,
1128 2985 1297 3056 septuaginta
1311 2986 1493 3042 tuisseinmtt
1503 2987 1545 3042 tm
1556 2986 1648 3067 tersis
1664 3003 1672 3042 ε
1689 2985 1761 3041 nan
1775 2986 1842 3042 rtruu

191 3075 271 3143 burte,
283 3075 380 3131 uitione
390 3074 448 3130 uitoe
461 3072 577 3129 homines
589 3114 597 3141 ,
611 3071 650 3128 uel
662 3081 729 3126 certe
749 3069 849 3142 innoti,
866 3078 890 3124 ct
901 3069 933 3124 ob
943 3069 995 3124 noc
1042 3078 1111 3150 quod
1124 3077 1244 3152 adjungit
1254 3078 1287 3134 de
1298 3079 1419 3152 episcopo
1429 3076 1626 3151 Carthaginensi
1640 3080 1794 3152 Agrippino,
1807 3079 1840 3136 de

191 3169 321 3226 consortio
341 3169 470 3239 separati,
483 3167 527 3240 gui
541 3176 633 3238 putant
653 3167 765 3234 proprie
777 3164 843 3237 plebi
858 3164 1026 3238 incuban-0
1042 3169 1140 3240 incipio
1150 3180 1262 3240 ntortpre
1272 3168 1420 3241 cypriano,
1436 3170 1469 3224 cle
1487 3172 1651 3243 septemium
1670 3171 1842 3229 Proeeeuori.

192 3265 265 3331 ditm,
286 3271 310 3318 et
324 3277 514 3333 nonnumquam
528 3260 643 3316 contenti
653 3259 688 3313 ori
698 3259 835 3314 concilium
845 3257 931 3314 perure
945 3257 991 3313 cle·
1030 3260 1091 3315 bus
1105 3259 1245 3332 Cypriani,
1257 3262 1318 3331 puio
1332 3262 1380 3316 broc
1396 3266 1511 3333 iuuant
1530 3273 1554 3318 et
1574 3264 1633 3332 pieri
1653 3276 1841 3336 preceperunt.

192 3365 301 3424 tueamur
316 3371 384 3410 :sua
406 3356 472 3426 [orte
504 3370 535 3409 ne
556 3353 699 3426 procluutur
723 3351 823 3423 popilio
843 3360 990 3405 uretueutes.
1043 3353 1100 3408 Sub
1115 3353 1218 3408 Donato
1232 3353 1359 3425 Cypriani
1382 3363 1554 3411 antecessore
1574 3355 1601 3411 in
1623 3356 1741 3413 concilio
1756 3373 1843 3413 nona-

192 3450 271 3516 Dico,
296 3449 319 3502 si
333 3448 430 3520 placet,
448 3447 522 3518 circo
541 3446 605 3512 lros,
624 3461 675 3501 nou
688 3453 786 3500 tanturn
805 3444 924 3499 eiecerat
942 3457 993 3497 uon
1044 3443 1117 3515 ginto
1139 3445 1330 3514 episcopcrum
1354 3445 1501 3502 ‹iarnnatus
1522 3446 1650 3503 Privatus
1674 3449 1844 3506 Lambesita·

194 3560 250 3599 esse
260 3542 413 3607 seruantlos,
440 3555 527 3594 uerum
545 3549 568 3593 cr
583 3537 615 3593 cie
628 3538 734 3610 proprio
746 3537 862 3603 ecclesia,
874 3534 994 3606 porciliis
1046 3551 1107 3601 nus,
1121 3546 1152 3591 ιιι
1168 3535 1320 3608 Cyprianus
1336 3538 1412 3593 testis
1426 3548 1469 3595 est
1480 3539 1561 3609 epist.
1576 3540 1623 3596 59.
1639 3539 1696 3596 Sub
1708 3539 1845 3613 Cypriane

195 3635 263 3690 attale
278 3633 380 3707 fauerit,
395 3632 542 3688 omrrimoclo
556 3630 725 3687 adnitendum
737 3639 765 3685 ut
779 3630 858 3685 etium
876 3626 992 3683 auctori·
1046 3630 1097 3686 tria
1109 3629 1197 3685 itabile
1207 3641 1269 3685 strnt
1280 3630 1396 3686 concilia
1410 3646 1555 3687 numerosa
1565 3632 1600 3688 rie
1611 3633 1746 3703 baptismo
1756 3633 1848 3692 hacre-

194 3738 247 3782 tute
265 3726 368 3799 publiea
388 3724 550 3792 rejiciantur,
567 3733 643 3795 utque
664 3724 696 3778 ob
721 3723 785 3792 ipsis
809 3719 995 3794 principalibus
1047 3720 1172 3776 tieorutn.
1186 3720 1215 3775 lu
1229 3720 1335 3777 duubns
1352 3721 1464 3777 adlucrc
1476 3724 1647 3795 septuaginta
1663 3726 1797 3797 episcopi,
1816 3735 1847 3784 ut

195 3819 326 3876 cathedris
340 3829 526 3874 rstnoueotnur.
543 3816 651 3889 Oportet
667 3814 752 3882 eninr,
767 3823 796 3868 ut
809 3813 853 3884 qui
869 3811 995 3868 urriuersis
1046 3822 1161 3876 testatur
1172 3827 1218 3882 ep.
1230 3812 1264 3869 ad
1277 3812 1450 3883 luitaiamrm,
1462 3823 1490 3871 ct
1503 3815 1531 3872 in
1543 3818 1625 3874 tertio
1640 3819 1795 3876 interfuisse
1808 3821 1848 3878 ie·

199 3913 340 3987 iratribus,
357 3928 388 3966 oc
401 3922 452 3966 toto
467 3910 577 3966 coneilio
588 3909 727 3970 ittltcserit.
758 3923 809 3962 uon
827 3906 909 3961 solum
922 3920 996 3959 ruant
1046 3915 1144 3975 guntur
1160 3905 1298 3977 octoginta
1313 3918 1439 3977 septem,
1456 3916 1557 3979 praeter
1577 3926 1647 3980 qnos
1660 3911 1740 3983 longe
1753 3912 1847 3982 piures

192 4012 256 4083 jure
269 4007 383 4078 integro,
396 4006 442 4061 seul
459 4013 483 4059 et
504 4003 624 4060 dioeceses
638 4000 780 4073 possideat.
806 4000 839 4054 rit
860 4014 938 4064 uero,
952 3997 996 4064 uui
1047 3996 1166 4055 abitrissc
1182 3998 1330 4055 uerisimile
1347 4010 1401 4056 est.
1414 4001 1452 4055 Αι
1474 4001 1529 4057 duo
1550 4012 1615 4058 suut
1630 4014 1805 4062 monumenta
1830 4021 1848 4063 c

196 4099 300 4155 sibinret
314 4108 405 4169 putant
421 4096 507 4169 plebes
519 4113 579 4151 situs
597 4096 719 4167 sufficere,
733 4098 848 4166 {rotam
862 4092 998 4146 dilectione
1047 4095 1145 4166 quibus
1158 4109 1287 4151 nutncrtrs
1301 4096 1492 4167 episcoporum
1512 4096 1612 4152 attica
1629 4108 1706 4154 certo
1725 4099 1784 4155 erni
1797 4112 1848 4170 po·

199 4201 356 4261 contempto,
372 4207 425 4245 non
440 4197 539 4245 toruum
553 4186 671 4244 dioeceses
686 4187 815 4251 cnrittout,
830 4184 874 4240 sed
888 4193 916 4238 ut
930 4181 995 4247 diui,
1049 4195 1111 4243 ress.
1125 4187 1245 4243 Primum
1256 4198 1297 4243 est
1308 4187 1418 4243 collatio
1432 4187 1670 4260 Cortitsginensis,
1688 4190 1714 4244 in
1728 4206 1781 4262 qus
1797 4190 1849 4246 Cs-

198 4290 276 4344 etiarn
290 4286 402 4359 propriis
415 4285 519 4357 publica
538 4291 644 4337 careant
661 4280 825 4346 annositate,
840 4288 867 4333 ιιι
880 4277 995 4332 rebelles.
1049 4279 1142 4335 titolici
1157 4278 1197 4334 sic
1217 4292 1313 4334 eorum
1336 4293 1479 4335 nnmerum
1497 4280 1611 4335 ineunt:
1627 4280 1851 4352 subscripserunt

201 4376 522 4436 lionoratmetllrbonus
541 4369 923 4446 praeminentissimus
938 4383 999 4441 pro·
1050 4370 1177 4426 nianuato
1200 4370 1321 4440 episcopi
1341 4370 1451 4426 ducenti
1473 4372 1611 4443 sexaginta
1639 4386 1706 4440 sex,
1736 4372 1852 4431 aderant

200 4476 264 4531 cisio
283 4473 427 4529 sotrctirotis
443 4482 494 4527 tutu
513 4469 619 4525 coierit
636 4464 762 4522 mentibus
775 4462 954 4534 siupslsruut,
975 4469 998 4515 et
1051 4467 1200 4531 presentes
1213 4458 1325 4532 viginti;
1341 4461 1437 4517 amase
1460 4461 1590 4517 dicuntur
1610 4473 1723 4521 centum
1749 4466 1805 4538 28
1823 4474 1852 4523 el

202 4576 276 4639 puto,
289 4564 403 4619 ornmurn
414 4562 579 4635 raporuione
588 4576 619 4614 eu
628 4572 686 4631 qua
698 4554 817 4628 prosequi
829 4553 950 4624 clipnotus
960 4568 996 4619 cs,
1012 4552 1158 4623 Dniginri
1173 4567 1207 4608 ac
1217 4552 1335 4609 viduatae
1348 4562 1479 4623 preterea
1494 4554 1624 4612 Ecclesia
1634 4558 1772 4629 sexaginta
1785 4573 1852 4629 qua·

203 4657 358 4714 roborando.
376 4655 496 4712 Unicersi
509 4654 624 4725 episcopi
639 4653 776 4717 dicerunt,
791 4649 890 4721 ploret,
906 4647 1000 4718 placet.
1054 4655 1132 4713 tuor;
1149 4661 1184 4701 ex
1205 4645 1305 4717 quibus
1319 4648 1426 4717 exrrrgit
1446 4661 1575 4703 numerus
1591 4649 1852 4721 quadringentarum

204 4751 239 4807 Et
252 4750 349 4805 inrum
366 4748 394 4803 in
408 4746 503 4803 euclem
518 4745 640 4802 Concilio
654 4758 715 4800 can.
728 4737 763 4799 iti
784 4759 791 4795 :
814 4739 963 4795 Honoratus
978 4748 1002 4793 et
1054 4738 1226 4810 septuaginta
1241 4738 1346 4795 sedium
1360 4739 1554 4809 episcopalium
1571 4740 1598 4797 in
1614 4739 1717 4796 sirica.
1729 4743 1852 4800 Alterum

207 4843 325 4899 Urbatrus
338 4840 453 4913 episcopi
467 4839 595 4894 uicerunt.
611 4837 762 4891 Audivimus
776 4819 960 4897 constitutam,
975 4840 1003 4885 ut
1056 4839 1100 4887 est
1112 4831 1206 4887 notitia
1217 4831 1407 4902 episcoporum
1420 4830 1547 4888 Afrorum
1560 4833 1611 4890 suit
1623 4833 1768 4902 ilunerico,
1792 4853 1854 4909 qrtcc

205 4937 325 4992 disceres
337 4952 389 4992 nnn
402 4942 550 4989 maeonius
562 4932 696 5002 episcopos
714 4926 847 5000 accipere,
870 4925 922 4981 nisi
943 4939 1004 4978 con·
1056 4932 1182 4981 nurrtemt
1209 4926 1354 4996 episcopos
1380 4925 1593 4998 quadringentos
1621 4928 1762 5000 sexaginta
1790 4944 1853 4999 ses,

205 5046 280 5084 unsa
294 5029 361 5101 ejus,
372 5026 419 5083 sub
428 5042 478 5098 prro
489 5027 591 5097 suuortt
604 5022 761 5086 cortstitutoe,
772 5019 817 5075 seb
831 5020 859 5074 in
872 5016 1004 5088 prouincia
1055 5017 1153 5085 quibus
1164 5016 1187 5071 si
1200 5027 1262 5074 octo
1274 5017 1369 5073 demas
1379 5017 1513 5074 Sardiniae
1527 5019 1682 5092 episcopos,
1693 5020 1784 5077 celeri
1795 5035 1857 5088 ome

206 5132 293 5180 nostro
307 5138 366 5177 cunt
379 5121 460 5191 aliqui
472 5123 540 5191 [orte
554 5118 581 5171 iu
597 5115 714 5180 diecesi,
729 5112 881 5169 concedente
899 5127 928 5167 en
947 5109 1004 5181 epi·
1056 5125 1105 5165 nes
1120 5109 1154 5165 ad
1168 5106 1287 5165 Africam
1301 5108 1450 5180 pertinent.

206 5197 344 5285 scopo,iu
357 5216 431 5286 cuius
451 5219 580 5283 potestate
599 5212 703 5279 [urrant
724 5206 881 5270 constituros,
893 5202 1006 5258 ordinati
1092 5201 1156 5256 Post
1181 5209 1371 5271 recuperatam
1391 5214 1408 5254 a
1426 5199 1581 5259 instituisso
1607 5204 1773 5275 imperatore
1787 5204 1857 5260 Airi-

206 5319 265 5363 suus
291 5307 422 5379 episcopi,
445 5305 524 5361 etium
543 5302 662 5358 bioecesec
683 5299 732 5355 sibi
755 5295 902 5365 ninbuont,
918 5294 966 5349 ltoc
977 5302 1003 5349 et
1057 5309 1128 5359 caro,
1140 5293 1291 5363 Reparatus
1304 5292 1449 5348 concilium
1466 5292 1561 5349 itaburit
1577 5296 1732 5353 rtnitersale
1745 5294 1857 5363 Africae,

207 5399 302 5470 corripi
315 5398 447 5452 ciuitatis
466 5405 555 5466 uestros
571 5389 692 5468 judicio,
709 5399 733 5445 et
746 5387 856 5444 intriberi
870 5386 901 5440 cle
914 5395 1004 5441 cetero
1058 5387 1085 5443 in
1098 5401 1153 5457 quo
1164 5384 1312 5442 siluerunt
1330 5385 1451 5456 episcopi
1464 5385 1537 5456 itt,
1551 5388 1624 5459 quod
1643 5396 1802 5460 argumento
1814 5397 1858 5443 est

210 5491 292 5546 aleier.
317 5491 458 5562 Epipouias
483 5489 617 5560 episcopus
642 5485 719 5539 bisin
743 5481 860 5554 Sitrpulis
881 5478 1005 5552 episcopis
1058 5493 1092 5536 es
1105 5478 1207 5549 ingenti
1223 5476 1489 5549 iiloepiscopatuum
1510 5495 1643 5545 nutriero,
1657 5482 1757 5537 multos
1769 5479 1858 5536 adiruc

209 5595 339 5643 serratum
352 5594 389 5640 cst
406 5583 475 5657 puori
499 5583 603 5639 decebat
622 5600 629 5636 :
651 5588 678 5634 ut
699 5595 732 5634 ea
756 5593 842 5632 musso
861 5573 1006 5630 diocesiuns
1059 5589 1093 5630 es
1107 5572 1160 5628 ltoc
1174 5583 1298 5644 tempore
1310 5570 1530 5643 superfuissent
1551 5572 1668 5629 concilio
1680 5572 1858 5629 Latersncnsi

208 5678 285 5738 nullu
304 5686 462 5749 carperetur,
484 5686 512 5731 ιιι
532 5675 667 5746 proprium
691 5672 837 5744 episcopum
864 5668 1006 5734 lrobuisses,
1061 5664 1111 5722 snit
1135 5663 1251 5719 iiurtioo
1274 5663 1397 5735 epistolae
1420 5666 1557 5738 synonice
1582 5664 1692 5719 Patrium
1712 5661 1859 5733 provincis

211 5772 262 5844 pisi
276 5773 331 5840 ipsc
344 5786 495 5826 cotrsemtnn
517 5767 674 5824 adhibuisset
698 5762 863 5820 correelcndi.
890 5758 1008 5830 Sufficiat
1064 5755 1614 5848 proconsularissubscripseruptepiccpi
1624 5756 1660 5813 69
1685 5756 1785 5816 existe
1796 5771 1861 5830 prn-
