4142 6175
231 283 281 340 ihi

954 278 1191 339 ntssettta‘ttu.

1823 277 1875 331 me

233 403 349 473 Quartus
362 403 448 475 honac
471 403 628 459 i'erouensis
652 404 796 475 Episcopus
819 402 863 475 (S.
884 399 1027 474 Proculus)
1043 408 1066 471 Α
1081 398 1136 454 Ιιιιιι
1149 398 1263 469 proinde
1273 409 1462 470 argumentum
1475 414 1509 454 ett
1521 396 1658 469 thptitmo
1671 396 1752 452 aliato
1765 394 1819 466 peti
1829 410 1877 466 po-

231 505 323 565 puarto
338 497 447 552 ineunte
476 496 577 552 saueulu
602 496 702 551 [torua.
722 495 789 552 Cum
814 511 879 552 vero
897 496 926 551 S.
954 494 1027 550 Zeno

231 599 344 645 octavus
358 591 428 646 inter
436 591 607 648 veronenses
620 592 770 662 Episcopus
781 600 948 657 numeretur,
964 590 1027 647 inde

231 680 408 747 entrctudunt,
424 690 487 752 post
500 683 620 739 medium
638 692 762 754 quiartum
782 685 914 740 seculum
929 683 958 740 S.
974 684 1026 739 Ze-

231 788 329 831 nonem
345 774 476 831 Ecclesiae
490 774 642 832 Veronensi
654 766 804 848 praiuisse.
820 775 856 832 ht
870 778 942 833 euim
962 792 1026 833 raro

230 867 335 925 iicctin
350 867 599 925 dubiumrctocari
625 885 679 925 nrm
707 872 803 940 possit,
828 870 857 926 S.
882 870 1025 926 Proculum

230 970 322 1028 asarta
334 963 440 1018 ineunte
451 961 548 1018 maula
561 961 774 1034 paruisseillud
785 976 849 1017 rero
862 961 958 1017 laisum
971 970 1024 1028 est,

230 1068 262 1108 ex
274 1054 308 1109 iis
320 1068 382 1125 atate
394 1068 476 1125 supra
500 1053 679 1123 ostendimus,
695 1052 724 1110 S.
739 1054 883 1110 Procttium
899 1063 1024 1127 quartum

230 1147 313 1203 luisse
324 1147 488 1219 Episcopum
505 1146 702 1205 veronensem.
716 1148 789 1204 Vixit
802 1148 894 1219 itaqne
906 1148 934 1204 S.
950 1147 1025 1202 Pro-

228 1241 304 1298 cuius
319 1242 396 1297 initio
410 1242 498 1313 quarti
513 1241 616 1310 saculi,
628 1249 657 1295 at
669 1257 723 1296 uon
741 1250 804 1297 ante
822 1240 851 1297 S.
873 1240 1023 1307 Zenonem,

228 1335 273 1404 qui
287 1332 403 1390 Gallieni
417 1341 498 1389 etate
524 1343 586 1405 post
612 1332 729 1389 aredium
761 1332 869 1388 tertium
894 1332 1023 1387 saer-ulum

229 1428 379 1485 Veronensi
389 1427 533 1485 Catbedrae
544 1436 659 1498 praeerat
671 1470 678 1494 ,
691 1436 721 1483 nt
734 1428 846 1484 interius
872 1428 955 1483 etiam
979 1442 1024 1484 os-

226 1518 388 1588 tendemus3
419 1533 509 1591 neque
530 1529 644 1589 quartus
672 1518 824 1592 Episcopus
857 1518 1023 1576 Veronensis

225 1612 354 1670 dicendus
365 1621 417 1679 est,
430 1612 478 1668 sed
488 1627 550 1669 cum
562 1611 676 1685 ilgheiio
687 1628 785 1679 nonus,
796 1612 826 1667 S.
837 1610 966 1679 Zenonis,
978 1611 1023 1685 uui

224 1718 335 1764 octavus
349 1706 408 1775 luit,
424 1721 578 1763 successor.

1081 500 1133 549 test
1143 492 1176 547 ad
1192 491 1221 547 S.
1237 490 1357 548 Zenonis
1373 488 1511 562 Epocbam
1536 501 1633 561 quarto
1650 488 1750 546 saeculo
1773 489 1877 545 consti-

1080 583 1207 641 tuendam
1222 601 1229 649 ;
1243 599 1304 639 cum
1318 586 1347 640 S.
1362 583 1502 649 Proculus,
1520 582 1568 653 qui
1579 591 1675 654 quarto
1690 581 1801 637 ineunte
1825 594 1877 635 ste·

1079 680 1141 736 cuia
1151 679 1336 737 Veronensum
1347 678 1457 749 regebat
1471 676 1621 734 Ecclesiam
1632 690 1737 743 errare,
1751 683 1782 730 ut
1796 690 1878 745 supra

1077 780 1216 829 ostensum
1230 779 1283 836 est,
1299 780 1397 840 quarto
1407 770 1468 825 laco
1490 771 1562 825 inter
1583 767 1727 839 episcopos
1741 768 1878 824 ileroueu-

1078 879 1122 920 ses
1132 865 1286 943 descriptus
1296 864 1342 917 sit.
1357 861 1394 917 Et
1405 861 1435 918 S.
1450 861 1580 926 Lucilius,
1592 860 1638 931 qui
1652 870 1746 915 sextus
1769 858 1877 929 episco-

1078 962 1308 1025 pusnumeratur,
1332 952 1460 1008 Lucidius
1478 966 1541 1007 rere
1562 951 1597 1006 sit
1619 948 1822 1015 nominandus,
1849 955 1877 1004 et

1077 1047 1147 1103 alius
1161 1049 1224 1103 sita
1240 1046 1270 1103 S.
1283 1046 1396 1111 Lucilio,
1423 1048 1468 1117 atri
1484 1045 1640 1102 Sardieensi
1661 1043 1777 1100 concilio
1790 1044 1875 1099 iuter·

1076 1139 1138 1206 luit,
1154 1153 1215 1195 cum
1232 1140 1302 1195 iuter
1315 1139 1485 1196 veronenses
1498 1140 1643 1210 episcopus
1662 1152 1808 1210 numquam
1822 1137 1877 1193 Lu·

1076 1232 1156 1289 cilius
1168 1232 1284 1305 legatur,
1298 1232 1347 1289 sed
1362 1233 1499 1289 Lucidius.
1511 1233 1553 1288 An
1565 1247 1630 1289 rere
1642 1230 1709 1286 laisa
1721 1231 1785 1297 sint,
1814 1245 1876 1301 quae

1075 1322 1111 1380 de
1121 1323 1237 1380 Gallieni
1263 1325 1317 1381 lilia
1340 1326 1367 1381 in
1389 1326 1441 1381 boc
1463 1325 1559 1381 eodem
1580 1322 1718 1395 liitytbmo
1738 1323 1874 1393 leguntur,

1075 1416 1157 1473 modo
1172 1417 1369 1488 inspiciendum
1383 1428 1435 1475 est.

1076 1528 1090 1600 ᾗ
1107 1528 1152 1583 tit.
1174 1528 1213 1584 Ile
1223 1532 1373 1588 narratione
1382 1531 1503 1587 Coronati
1517 1530 1544 1587 N
1546 1532 1622 1585 alarii
1632 1548 1675 1586 seu
1686 1532 1739 1586 uita
1748 1532 1779 1588 S.
1789 1531 1874 1588 Zeno·

1075 1622 1138 1675 nisa
1150 1620 1277 1681 Coronam
1300 1621 1412 1678 Notario
1422 1625 1550 1693 desumpta
1561 1665 1568 1689 ,
1579 1623 1641 1692 qrtid
1655 1622 1813 1679 sentiendum
1828 1625 1872 1680 sit.

1109 1721 1236 1778 Coronati
1256 1723 1357 1779 Notarii
1372 1724 1405 1780 de
1420 1724 1448 1781 S.
1462 1724 1571 1781 Zenone
1583 1726 1765 1780 narrationem
1777 1722 1874 1780 inbutis

259 1800 372 1857 Senum
398 1799 584 1857 V⁰i⁰⁰0⁰50ffi
610 1799 766 1871 eli5⁸⁰0i¹¹¹¹¹
792 1797 844 1855 ¹¹⁰⁰
871 1796 1018 1886 “belidem
1034 1814 1470 1874 Baccensentbnminiballerinii
1484 1814 1703 1888 hispatissintum
1722 1816 1872 1874 rationibus

223 1891 503 1966 RhythmoLitcilium
525 1892 650 1964 legimus.
669 1893 744 1949 iiuuc
760 1893 790 1948 1).
805 1893 941 1949 ballerinii
963 1892 1017 1947 Lu-

222 1988 312 2044 cilium
333 1987 596 2051 essecouteuduut,
618 1987 665 2058 aui
690 2001 763 2042 anno
785 1986 838 2041 511
862 1984 1018 2042 Sardicensi

220 2080 343 2136 Concilio
355 2078 528 2150 subscripsit.
552 2079 587 2135 At
602 2079 654 2149 ipsi
666 2094 698 2136 ea
712 2078 878 2150 integritate,
893 2092 944 2149 qna
957 2077 1017 2148 pot·

219 2172 287 2240 lent,
304 2173 331 2226 in
347 2172 398 2227 bac
412 2171 584 2243 potissimum
598 2169 754 2227 Zenoniana
766 2170 887 2227 editione
910 2178 1015 2237 neunt,

219 2266 246 2322 ia
274 2266 344 2322 actis
369 2262 806 2338 Conciiiiejusdcm-Sardicensis
833 2265 1015 2335 subscriptum

218 2360 336 2431 reperiri
350 2360 475 2427 Luciutn,
497 2360 578 2416 sicuti
598 2369 625 2415 et
648 2362 675 2416 in
698 2360 833 2431 Synodion
859 2361 892 2417 ad
914 2360 1015 2417 tatium

217 2454 328 2525 Papam.
346 2452 459 2511 Lucium
472 2453 542 2511 huuc
556 2455 682 2511 eumdem
693 2469 765 2518 esse,
776 2469 857 2524 quern
884 2455 913 2510 S.
937 2453 1017 2511 Atha·

217 2549 322 2615 nasius,
338 2558 366 2605 ct
379 2549 405 2603 in
420 2547 516 2617 prima,
530 2556 559 2604 et
572 2548 741 2613 inseranda,
766 2546 801 2603 ad
826 2546 1014 2602 Constantium

216 2647 347 2720 Aptiogia
370 2647 502 2704 Lucilium
530 2649 676 2714 nominat,
698 2663 747 2718 pro
764 2658 840 2705 certo
863 2646 1015 2704 babendum

217 2751 286 2814 puto
302 2759 311 2799 t
327 2756 389 2797 natu
404 2742 529 2813 quamvis
542 2745 601 2814 ipse
615 2758 645 2799 se
656 2743 769 2799 Lucium
794 2743 936 2809 nominet,
965 2742 1015 2797 Lu-

214 2834 293 2891 cillus
305 2838 371 2908 forte
389 2836 421 2892 ob
436 2853 543 2907 paruam
563 2847 689 2894 staturam
702 2836 853 2893 dimittatiue
877 2837 954 2908 eulpa
975 2837 1015 2890 tli-

213 2937 271 2983 etur
279 2929 376 3001 {uiam
386 2929 465 2985 iidem
474 2929 580 2985 bomini
591 2927 955 2998 Butlertattapttneuoum:
968 2942 1015 2982 cu-

211 3022 258 3090 jus
269 3023 308 3079 roi
320 3023 507 3094 exemplumin
516 3022 667 3094 Episcopali
678 3022 804 3079 oratorio
814 3021 972 3078 Pistttriensi
983 3020 1012 3077 S.

213 3115 345 3171 Αιιιοιιίιιί
370 3115 498 3188 Episcopi
517 3116 666 3174 Florentini
680 3117 794 3187 epistula
809 3117 919 3188 propria
934 3133 1014 3173 manu

1071 1904 1191 1977 (Dissert.
1201 1925 1219 1977 t,
1229 1924 1287 1979 cap.
1300 1909 1331 1977 3,
1344 1909 1357 1981 5
1370 1910 1397 1981 5)
1409 1909 1512 1966 :Prinna
1526 1913 1619 1966 unitum
1632 1911 1698 1966 illud
1707 1914 1871 1984 [actumque

1070 1999 1148 2052 unica
1160 1999 1272 2055 Gallieni
1280 2002 1336 2072 filia
1346 2001 1449 2058 Zenone
1466 2004 1500 2057 ati
1511 2001 1697 2081 Imperatorem
1709 2020 1753 2075 per
1768 2007 1871 2061 nuutios

1069 2092 1294 2148 accitoadoetttane
1301 2093 1531 2162 liberatutraditur‚
1539 2096 1604 2151 adea
1614 2097 1713 2167 insipue
1724 2105 1748 2150 et
1759 2096 1872 2151 saluam

1069 2184 1226 2250 essedebuit,
1239 2196 1265 2240 ut
1275 2188 1423 2244 incredibile
1432 2190 1507 2256 plane
1516 2189 1639 2260 sit,quod
1650 2207 1694 2258 per
1701 2191 1812 2261 quinque
1820 2191 1871 2246 cir·

1068 2283 1133 2336 riter
1152 2283 1248 2337 sucula
1263 2283 1329 2337 nihil
1344 2281 1377 2338 de
1395 2283 1441 2337 illa
1458 2281 1548 2337 litteris
1563 2284 1691 2355 quispiam
1713 2284 1868 2354 prodiderit.

1071 2377 1233 2447 primusque,
1245 2377 1288 2445 qui
1299 2380 1356 2448 ejus
1370 2377 1458 2446 lecerit
1473 2378 1637 2443 mentionem,
1648 2378 1758 2447 septimo
1772 2377 1812 2431 ael
1823 2394 1866 2432 oc·

1069 2479 1128 2524 tara
1139 2471 1235 2523 secute
1246 2468 1391 2524 Coronatus
1403 2467 1529 2524 Notarius
1542 2470 1628 2541 luerit
1644 2466 1711 2524 Dein
1723 2486 1830 2524 numera
1838 2471 1866 2536 5,

1068 2562 1264 2627 monasterium,
1278 2563 1304 2615 in
1326 2577 1376 2632 quo
1392 2560 1423 2616 S.
1443 2559 1514 2614 Zeno
1529 2577 1588 2614 rum
1613 2559 1729 2631 pluribus
1750 2560 1808 2614 aliis
1841 2573 1866 2615 et

1068 2656 1155 2711 eadent
1168 2654 1272 2725 guidem
1291 2653 1402 2709 Zenonis
1414 2653 1515 2708 notitiae
1528 2652 1676 2725 appellatis,
1689 2652 1800 2725 deperet,
1815 2652 1867 2707 l'e·

1067 2766 1139 2805 rauce
1152 2749 1284 2824 pubiicum
1299 2749 1380 2817 luisse
1394 2746 1524 2801 iudicatur
1534 2788 1541 2810 ,
1552 2746 1621 2817 quad
1633 2746 1665 2800 de
1677 2746 1760 2801 tribus
1774 2746 1864 2815 pristis

1067 2845 1178 2910 seculis,
1193 2861 1251 2899 eum
1261 2843 1402 2900 Christiani
1413 2845 1619 2911 persecutionum
1633 2844 1711 2899 rausa
1724 2842 1864 2906 latitantes,

1068 2936 1134 2991 nihil
1161 2936 1269 3008 publicae
1297 2936 1477 3005 edificationis
1503 2935 1692 3004 praeferebant,
1716 2910 1866 2989 incredibile

1067 3031 1171 3084 anthino
1182 3041 1227 3085 est.
1240 3027 1355 3085 Praetera
1367 3028 1537 3102 Imperatoris
1547 3030 1648 3083 aonriue
1665 3027 1736 3084 Zeno
1748 3038 1863 3102 repulus,

1067 3135 1095 3177 ut
1105 3122 1186 3193 filiam
1197 3126 1254 3198 ejus
1268 3123 1410 3179 aduentare
1429 3131 1545 3178 aeratam
1558 3132 1670 3188 sanaret,
1685 3138 1744 3177 cunt
1757 3138 1787 3176 ea
1801 3137 1864 3190 pro·

215 3207 369 3277 subscripta
380 3208 546 3278 suppeditat,
559 3224 620 3279 quae
630 3209 861 3265 intersanetorum
877 3207 1052 3281 iieiiqttiasc
1069 3218 1151 3287 {ectus
1173 3217 1288 3287 ejecisset
1303 3216 1468 3283 deuterium,
1494 3230 1622 3271 coronam
1638 3214 1768 3286 regaiem,
1787 3229 1865 3285 auam

213 3302 529 3360 distinctareneratione
539 3303 705 3370 custoditum
722 3305 748 3358 in
763 3304 874 3360 caenim
889 3318 919 3359 se
930 3305 1014 3357 tinto·

215 3401 290 3454 nittru
303 3398 474 3469 subscripsit,
488 3398 726 3464 nunhutoninum‚
742 3407 772 3452 ut
783 3397 862 3467 tuigo
873 3411 1011 3466 nutteupa·

216 3502 270 3546 tur.
285 3489 419 3546 Lucilium
438 3490 529 3561 itaque
555 3488 707 3545 Sardiceusi
737 3488 854 3544 eoriciiio
877 3486 1023 3545 annnihi-

215 3583 410 3655 subscripsisse
425 3583 522 3650 iateor,
538 3598 626 3651 neque
641 3580 756 3653 Ugtteilo
780 3582 915 3636 assentior
931 3620 939 3643 ,
967 3580 1012 3650 quui

215 3676 304 3733 eidem
314 3677 437 3734 Concilio
451 3693 504 3731 non
519 3676 660 3739 Lucilium.
675 3676 722 3731 sed
734 3674 864 3731 Lucidum
877 3673 1015 3742 subscrip-

216 3767 285 3824 sisse
299 3768 375 3823 dieit.
392 3766 573 3823 Nihilotamen
590 3766 680 3821 minus
695 3767 765 3820 bunc
794 3764 925 3820 Lucilium
950 3779 1012 3820 sett-

217 3872 272 3918 tum
287 3875 342 3918 uon
366 3863 450 3919 luisse
470 3862 634 3933 Episcopum
655 3861 838 3918 beroeensem
866 3874 915 3928 pro
939 3866 1014 3914 certo

218 3954 315 4011 liabeo.
330 3954 358 4009 in
373 3953 510 4025 Rhythmo
521 3953 622 4009 etenim
634 3952 754 4009 Lucilius
765 3951 862 4022 legitur
877 3967 925 4022 pru
937 3951 1015 4006 Luci-

217 4046 273 4112 dio,
288 4062 343 4101 nun
356 4045 477 4102 Lucilius
491 4060 540 4116 pro
552 4045 639 4101 Lucio
656 4064 663 4101 ι
679 4063 741 4101 nam
765 4044 836 4116 qttnd
859 4058 908 4116 pro
930 4043 1015 4100 Lucio

219 4137 339 4195 Lucillus
349 4139 384 4194 sit
397 4146 519 4203 uocatus,
534 4138 585 4193 troc
600 4139 626 4193 in
642 4138 702 4194 aliis
716 4137 870 4194 nuutinibns
897 4138 1015 4192 diminu-

218 4231 421 4301 tionenuadam
448 4231 604 4304 irequettter
627 4231 745 4298 accidit;
773 4246 821 4302 pro
843 4230 924 4286 Lucio
951 4245 1015 4285 uero

219 4327 261 4383 rel
275 4326 380 4382 Luciliu
391 4326 522 4382 Lucidum
537 4326 670 4393 scribere,
695 4324 768 4381 truita
791 4324 935 4380 diminutio
962 4333 1015 4390 est,

218 4437 278 4490 ntae
295 4422 337 4476 tei
348 4427 479 4474 smtrrratn
497 4419 636 4483 huminis,
657 4419 697 4475 rei
725 4417 850 4474 adactum
878 4417 1017 4488 proferen-

220 4515 254 4567 tis
264 4513 407 4580 exanimat,
426 4512 473 4567 sed
493 4511 566 4567 aliud
582 4526 695 4584 prorsus
719 4526 827 4567 nornen.
855 4511 908 4567 Pro
936 4511 1015 4567 Luci-

1067 3308 1122 3374 ipsc
1150 3306 1285 3362 Gallienus
1305 3308 1454 3378 imperator,
1481 3308 1572 3378 capite
1594 3322 1643 3363 suo
1668 3306 1807 3377 gestabat,
1832 3306 1864 3359 ab

1066 3400 1155 3454 eodem
1167 3401 1296 3470 accepisse
1308 3400 1430 3464 traditur,
1443 3416 1521 3471 auam
1534 3417 1596 3456 moa
1607 3399 1763 3473 pauperibus
1777 3401 1865 3455 distri-

1068 3490 1122 3546 buit
1134 3508 1143 3546 :
1155 3508 1212 3544 cum
1228 3501 1287 3545 ante
1298 3491 1499 3547 Aurelianumid
1508 3493 1608 3565 pencris
1618 3502 1797 3547 oruamentum
1811 3491 1865 3547 lia-

1069 3585 1152 3638 manis
1167 3582 1369 3653 Imperatoribus
1383 3599 1434 3638 nan
1450 3584 1529 3653 luerit
1539 3585 1565 3637 in
1575 3600 1635 3639 usu.
1650 3582 1712 3650 Quis
1727 3584 1785 3638 dan
1799 3586 1865 3639 tueri

1067 3676 1234 3746 probabiliter
1256 3678 1348 3748 poterit
1359 3679 1488 3732 ethnicum
1501 3677 1679 3751 imperatorem
1693 3675 1791 3732 Zenoni
1800 3694 1864 3734 con·

1066 3769 1183 3832 cessisse,
1210 3777 1239 3823 ut
1254 3769 1325 3824 idola
1339 3772 1431 3823 omnia
1443 3769 1608 3835 destrueret,
1622 3778 1650 3824 et
1661 3767 1688 3822 in
1701 3767 1802 3825 Christi
1814 3753 1864 3824 nal

1068 3862 1141 3917 mine
1156 3860 1292 3918 Ecclesias
1306 3860 1462 3928 fabricaret,
1475 3860 1551 3932 idque
1571 3877 1629 3915 rum
1645 3862 1668 3914 is
1685 3858 1811 3916 laenam
1821 3878 1865 3916 re·

1066 3955 1183 4026 petisset,
1199 3954 1294 4026 lartum
1312 3953 1411 4025 luisse?
1422 3954 1460 4007 ita
1475 3962 1502 4006 ut
1517 3969 1576 4006 cum
1590 3970 1621 4007 ne
1632 3954 1797 4023 sanquinem
1814 3972 1863 4020 pra·

1066 4044 1133 4101 blica
1147 4044 1209 4100 alibi
1223 4045 1319 4100 Christi
1329 4046 1436 4100 ecclesia
1451 4044 1537 4114 luerit
1556 4042 1664 4099 Vnone
1676 4061 1721 4118 per
1734 4042 1864 4099 Zenonem
1931 4049 1934 4055 ’

1068 4139 1233 4210 imperatoris
1247 4142 1304 4212 ejus
1319 4139 1441 4193 mandato
1463 4139 1550 4208 plures
1570 4140 1667 4211 [neunt
1693 4149 1863 4203 constructa,

1068 4234 1107 4288 ati
1122 4233 1241 4302 proditur
1251 4248 1358 4287 rrrtmero
1368 4233 1395 4288 7.
1409 4231 1463 4288 Sed
1476 4232 1553 4305 plura
1563 4232 1626 4295 alia,
1637 4248 1695 4299 qua
1705 4234 1865 4287 considerari

1068 4325 1185 4396 possint,
1203 4325 1371 4391 auterannus,-
1385 4323 1439 4378 hoec
1463 4325 1530 4378 enirn
1552 4326 1586 4378 ati
1612 4326 1770 4380 narrationis
1787 4326 1865 4395 hujus

1068 4417 1218 4488 liprtteutum
1232 4415 1461 4470 demonstrandum
1480 4419 1551 4487 apud
1573 4420 1678 4473 idoneas
1688 4419 1792 4492 judices
1805 4421 1867 4475 satis

1068 4510 1266 4580 superqaesiut.

220 4604 265 4659 ulio
276 4603 406 4660 Lucilium
420 4604 471 4676 lugi
496 4604 521 4659 id
536 4603 711 4659 amanuensis
734 4603 799 4657 ritio
824 4601 882 4657 lieri
908 4605 995 4672 potuit
1009 4614 1059 4675 21)
1106 4601 1243 4671 Tanquam
1269 4603 1400 4660 incertum
1423 4611 1450 4659 et
1485 4604 1597 4661 dubium
1620 4620 1669 4661 nos
1691 4607 1772 4662 etiam
1797 4605 1867 4661 barte

220 4707 247 4753 et
258 4695 327 4752 torte
339 4698 467 4768 antiquus
480 4697 620 4752 character
639 4706 760 4767 tempure
780 4693 897 4752 detritus
919 4709 1017 4765 carpus
1069 4691 1198 4749 Coronati
1211 4696 1393 4752 narrationem
1405 4694 1549 4766 rejecimus
1560 4698 1866 4769 propterdirersitatem

221 4790 353 4856 demisit,
374 4789 527 4861 lineamque
546 4790 671 4843 itantum
695 4788 816 4854 retinuit,
842 4802 896 4858 quo
918 4788 1016 4841 lactum
1070 4788 1217 4857 precipue,
1232 4803 1293 4857 qrtae
1304 4788 1331 4844 iu
1346 4788 1462 4844 (liversis
1474 4804 1538 4844 ntss.
1561 4790 1705 4859 reperitur.
1721 4789 1801 4846 Aliud
1812 4806 1864 4846 ms.

220 4892 273 4949 est,
286 4893 314 4938 ut
330 4897 381 4954 pru
396 4881 414 4936 d
428 4882 624 4947 tseribcrctur,
645 4890 672 4935 et
688 4895 736 4951 pro
751 4879 868 4936 Lucidio
889 4879 1016 4959 Lucilius
1069 4881 1172 4935 recenti
1192 4880 1300 4949 quidem
1319 4882 1475 4938 citaractere
1488 4883 1688 4953 conscriptum,
1704 4895 1732 4938 at
1746 4885 1780 4940 ab
1795 4884 1868 4940 auu·

221 4976 293 5033 luter
309 4977 481 5032 veronenses
492 4985 608 5043 namque
618 4974 744 5043 antimius
770 4973 921 5044 Episcopus
943 4971 1019 5027 Luci·
1071 4959 1223 5040 artioribus,
1239 4981 1268 5025 ut
1283 4986 1331 5041 par
1341 4972 1515 5038 esteredere,
1531 4974 1714 5044 exeurplatum
1726 4989 1810 5046 penes
1822 4989 1867 5030 me

221 5069 283 5124 alitrs
297 5068 431 5138 reperitur
443 5078 470 5123 et
485 5064 622 5131 Lucilius3
639 5065 759 5121 Lucilius
772 5080 837 5121 nero
858 5081 1018 5137 numquam.
1072 5059 1175 5127 httlteo,
1196 5076 1212 5115 a
1238 5060 1354 5133 quadam
1381 5062 1585 5119 sanctimoniali
1614 5065 1757 5121 Abbatissa
1780 5066 1870 5121 Pisto·

223 5161 313 5218 bithia
338 5161 466 5218 Lucidius
489 5161 630 5215 sanctitate
655 5159 818 5228 cuiuspicuus
835 5158 950 5215 Veronae
973 5173 1021 5214 co·
1075 5153 1174 5208 riensis
1187 5150 1346 5208 Conventus
1365 5154 1394 5210 S.
1410 5153 1523 5212 ioannis
1538 5156 1667 5227 Baptistae
1682 5157 1754 5214 “⁰¹¹0
1773 5173 1871 5229 11091)-

223 5256 295 5321 litur,
310 5256 408 5326 denuo
423 5255 458 5310 ita
479 5254 595 5309 habetur
612 5254 638 5308 in
654 5252 815 5309 Sattctnrutn
832 5252 1022 5323 episcoporum

226 5349 423 5406 veronensium
436 5347 556 5419 antiquis
574 5345 809 5402 monumentists.
827 5344 929 5400 Lucidii
946 5344 1024 5414 Epis-

225 5445 283 5516 copi
294 5441 447 5498 ieranensis
454 5458 550 5512 corpus
555 5441 721 5514 requiescitis
728 5439 843 5495 Ecclesia
851 5436 871 5494 S
875 5439 905 5491 ..i
908 5442 1023 5509 tephaai,

224 5545 252 5591 nt
266 5551 298 5591 er
311 5534 400 5608 tabula
414 5543 513 5589 uetusta
527 5549 559 5587 ee
571 5530 725 5587 membranis
742 5527 769 5585 iu
785 5530 906 5586 Sacraria
918 5531 948 5588 S.
963 5532 1021 5587 Ste-

227 5631 319 5702 phani,
334 5644 367 5684 ee
382 5626 522 5682 Francisca
534 5624 629 5690 Carnu,
658 5634 681 5678 et
705 5641 737 5680 ra
754 5624 840 5678 tabula
868 5622 1022 5679 Sartctarum

224 5724 268 5777 die
279 5721 317 5778 se
332 5720 429 5792 Aprilis
446 5720 478 5775 de
491 5718 582 5789 peribus
593 5732 683 5787 supra.
702 5718 738 5770 ite
748 5715 843 5771 endem
868 5715 978 5771 Lucidiu
988 5716 1023 5771 ib

1076 5257 1143 5312 tum,
1155 5246 1231 5318 cuijus
1242 5250 1348 5318 copiam
1366 5249 1392 5303 in
1408 5249 1460 5304 line
1470 5249 1549 5321 isaias
1560 5252 1721 5323 paragraphi
1736 5254 1871 5323 inspicere

1077 5339 1179 5409 poterit
1201 5338 1309 5410 Lector.
1334 5339 1362 5395 ln
1383 5340 1506 5412 pluribus
1522 5343 1555 5398 ab
1568 5357 1601 5399 eo
1615 5360 1668 5400 ms.
1682 5344 1784 5410 differt,
1800 5343 1872 5414 quod

1077 5430 1195 5486 alierum
1210 5432 1316 5488 Domini
1335 5432 1475 5490 Baliariuii
1497 5436 1568 5492 inter
1592 5447 1768 5492 monumenta
1792 5434 1826 5490 dc
1842 5435 1871 5489 S·

1077 5525 1185 5582 Zenone
1203 5542 1265 5598 pag.
1288 5529 1542 5585 excruciatorum
1564 5529 1623 5585 hac
1647 5529 1730 5584 habet
1744 5543 1793 5582 ms.
1822 5527 1873 5580 hoe

1077 5620 1261 5683 Pistoriense,
1280 5638 1339 5692 utta
1360 5622 1388 5677 in
1403 5623 1476 5678 edito
1490 5623 1524 5678 ab
1540 5621 1635 5678 iisdem
1660 5619 1875 5691 praeclarissime

1078 5718 1106 5772 in
1121 5717 1213 5772 ultima
1228 5715 1376 5790 Veronensi
1388 5719 1505 5774 editione
1516 5733 1569 5773 nou
1583 5717 1707 5784 iegtrntttr
1720 5733 1726 5768 :
1737 5714 1769 5768 in
1784 5713 1874 5772 diebus

227 5807 331 5886 Aprilis
343 5813 470 5868 ntenrinit
488 5820 515 5866 et
526 5810 748 5881 hinrtyrotogiutn
774 5808 933 5865 numanum.
958 5807 1025 5865 Nitit-
1081 5796 1252 5873 turperrrtaris
1274 5807 1398 5872 Galliena
1422 5805 1465 5874 prii
1485 5805 1723 5874 peraccessimus
1743 5802 1873 5858 Carnum·
