4142 6175
305 277 378 338 itta
871 268 1158 335 bossutattotttts
1172 267 1388 331 ALDASPINAEI
1891 272 1938 331 llil

305 397 407 445 cestarn
421 387 605 460 petulantiam,
621 403 682 458 qun
702 358 825 458 tempore
848 387 948 445 lulloni
971 388 1053 454 tarpio
1073 395 1101 443 et
1113 389 1139 451 Α
1152 386 1362 469 gutturealiena,
1373 383 1440 442 illud
1454 384 1543 469 eticae
1559 381 1848 469 proprieuslgnlllcare
1858 384 1914 457 prta.
1921 398 1943 443 ιι

307 458 478 527 impudenter
488 471 609 530 grassata
624 460 720 516 luerat.
745 459 799 515 sert
820 458 1021 515 Donatistarum
1036 474 1098 529 pro·
1151 457 1222 525 apttd
1235 457 1387 520 lioratuuu,
1402 456 1479 511 muln
1494 455 1633 512 rudentem
1647 454 1767 521 ulrearr,
1787 454 1814 511 td
1827 466 1864 510 est
1876 498 1883 520 ,
1895 459 1943 526 ιιι

306 529 448 586 cecitatem
468 538 497 585 et
510 530 702 655 inrnndicitiam
718 530 791 586 nulla
805 531 847 585 lex
860 543 987 587 coercere
1002 531 1099 599 potuit.
1152 538 1176 581 et
1188 528 1316 582 rirautatir
1329 529 1420 598 genis,
1445 536 1474 583 et
1487 526 1624 582 similiter
1640 526 1718 596 apud
1739 524 1888 581 Homerum.
1904 528 1944 583 Sel

341 598 405 671 Peg.
422 599 467 668 Db,
481 600 526 657 ot.
572 615 634 657 orro
646 602 789 657 commate
803 616 874 656 nunc
888 599 953 655 milti
979 601 1005 654 ia
1024 616 1102 654 rnen·
1152 599 1300 668 respondi,
1314 600 1384 669 apud
1398 600 1525 670 optatum
1539 612 1613 652 ates
1636 596 1686 652 hie
1701 597 1758 652 dici
1771 597 1845 666 quasi
1863 596 1892 652 de
1901 610 1944 669 gat-

307 678 361 726 tern
374 687 491 737 revoco,
516 669 687 743 unigentium
702 673 797 728 hirom
812 670 857 742 qui
870 673 948 726 arinis
967 680 1028 742 post
1047 669 1102 740 Op-
1153 679 1211 724 ture
1221 670 1311 725 alieno
1323 678 1445 734 cantare,
1459 670 1521 740 qnia
1531 683 1636 724 earum
1652 676 1756 724 cautus
1775 670 1821 738 qui
1837 679 1946 724 rernsst

307 742 354 798 tati
370 753 485 811 merrtem
500 743 640 813 plusquam
660 751 769 797 centurn
792 744 818 797 in
831 742 958 799 hiricana
978 740 1100 797 Ecclesia
1153 755 1203 810 per
1214 754 1336 796 errorem
1351 739 1483 796 habeatur
1495 755 1546 811 pro
1563 752 1655 795 cantu
1672 740 1792 793 aliarum
1807 739 1947 794 arinmalia·

305 811 379 869 iulsit
392 812 556 881 Doruiteue,
579 814 649 868 libro
662 813 782 870 meando
803 813 837 867 ad
859 828 937 869 sunm
953 812 1099 867 llonimum
1153 812 1199 936 1nui
1215 810 1338 866 liciarum
1349 820 1430 880 atrine
1445 822 1595 865 nrumrntn.
1611 809 1733 875 Addidi,
1752 809 1823 881 apud
1838 810 1947 866 Valerinn

305 899 340 940 ex
352 883 404 941 hoe
414 883 505 953 Optati
516 884 585 941 libro
596 895 693 951 sexto,
708 885 751 940 nbi
772 885 805 940 de
821 883 974 955 Virginibus
995 884 1099 954 agitur,
1177 884 1291 946 laecum,
1311 882 1374 936 iilud
1388 899 1395 935 r
1411 881 1589 954 Errantesque
1625 897 1705 948 eae,
1721 892 1801 952 maur
1811 882 1888 937 utimr
1899 899 1947 953 pra·

305 954 416 1011 laudare
426 955 516 1025 Optati
533 956 794 1028 interpretationem,
809 955 929 1010 Panlirne
943 954 977 1010 de
991 954 1025 1010 iis
1039 969 1102 1009 sen·
1153 951 1288 1020 dissultu,
1303 953 1393 1008 simile
1408 966 1471 1009 esse
1483 954 1577 1009 versui
1622 953 1766 1008 oratiarum

305 1026 397 1082 tende
411 1027 445 1082 ad
457 1025 621 1093 Corinthios,
632 1036 660 1083 et
672 1027 778 1082 consilii
793 1025 878 1097 magis
890 1040 970 1097 quam
983 1039 1101 1094 praecep·

305 1095 344 1152 ti:
358 1112 473 1166 munnae
486 1097 739 1167 interpretationem
750 1095 944 1154 conterrerem
960 1095 1102 1165 angustiat
1356 1068 1390 1124 ΙΝ
1407 1068 1539 1174 P'BRUM
1557 1069 1767 1174 smmum·

305 1176 334 1223 et
349 1167 487 1224 hutbrosii
506 1169 557 1223 alia
572 1170 750 1238 expositione.
775 1167 883 1237 Etonia
897 1168 998 1237 integra
1012 1164 1102 1236 Optati
1189 1161 1252 1233 Peg.
1270 1162 1314 1218 99.
1334 1161 1492 1233 Susptcatus
1503 1177 1563 1218 sum
1589 1162 1749 1232 aliquando
1760 1160 1832 1217 hunc
1845 1160 1947 1229 librum,

307 1239 389 1294 uerbo
404 1240 498 1295 recitat
512 1239 690 1310 Fuigentius,
710 1243 799 1296 locum
813 1239 938 1309 inspiciat
954 1242 1058 1305 tector,
1074 1249 1102 1292 et
1153 1232 1246 1359 guttim
1256 1233 1284 1288 in
1294 1232 1413 1316 editione
1424 1232 1588 1289 Germanica
1600 1234 1768 1295 uraetetittts
1780 1233 1949 1303 htitlnonrsse

307 1322 369 1364 euna
386 1320 477 1365 nostra
488 1311 606 1366 editione
617 1312 749 1368 conterat.
771 1309 840 1365 Nam
854 1319 882 1365 et
896 1308 922 1364 id
941 1308 1050 1376 iunioris
1060 1317 1102 1363 est
1178 1312 1264 1374 ptati,
1281 1318 1342 1360 cum
1357 1304 1538 1376 Hieronymus
1551 1320 1611 1359 non
1629 1307 1685 1360 nisi
1706 1320 1757 1359 sex
1778 1305 1862 1359 libros
1878 1306 1908 1360 ab
1924 1320 1949 1360 eo

308 1381 437 1436 momenti
450 1421 458 1444 ,
473 1397 553 1453 qnam
566 1383 636 1452 qrrod
650 1396 782 1451 praeterea
797 1380 910 1451 Optatus
934 1380 1051 1435 inculcat
1066 1380 1103 1435 de
1153 1375 1269 1444 scriptos
1279 1390 1340 1430 esse
1352 1375 1464 1441 scribat,
1480 1375 1582 1445 etipse
1597 1375 1735 1446 Optatus,
1752 1373 1801 1429 lib.
1817 1390 1839 1440 r,
1852 1390 1899 1429 non
1910 1376 1948 1430 nisi

307 1451 392 1520 uelis,
407 1452 506 1523 ouibus
518 1454 677 1525 tegebantur
690 1463 718 1509 et
731 1453 812 1510 ueluti
832 1451 1039 1507 ohnubebautur
1056 1465 1102 1505 ca·
1154 1459 1202 1501 sex
1223 1446 1355 1501 librorum
1376 1456 1565 1513 argumentum
1582 1456 1741 1517 proponat.
1764 1445 1819 1503 Sed
1843 1462 1898 1501 curn
1916 1447 1948 1502 hie

306 1522 361 1594 pita
370 1537 508 1595 sacrarum
522 1527 665 1596 uirginum.
680 1525 745 1596 Pag.
757 1524 803 1590 95,
814 1522 849 1579 tt
861 1533 890 1580 et
903 1521 948 1578 tib.
974 1521 1103 1577 llitrellas
1154 1516 1224 1570 liber
1236 1531 1264 1598 nt
1278 1518 1442 1599 ’reperiatur
1455 1517 1481 1599 in
1498 1519 1601 1586 trihus,
1618 1518 1727 1589 quihus
1741 1532 1808 1572 usus
1820 1532 1891 1583 sarm,
1903 1532 1947 1598 na·

306 1604 403 1661 vocat,
417 1597 494 1665 qnasi
510 1610 606 1665 paruas
621 1597 716 1653 mitras
730 1596 814 1650 dicas.
841 1594 919 1651 blitra
933 1596 1048 1649 uerbum
1060 1601 1101 1649 est
1155 1597 1301 1655 nuscrrptrs
1314 1587 1528 1653 exemplaribus,
1542 1598 1571 1645 et
1587 1586 1685 1662 stylus
1696 1603 1799 1660 resque
1814 1596 1946 1649 conventu.

307 1663 447 1735 Syriacum
465 1684 472 1720 :
489 1666 576 1723 Graeci
601 1667 694 1722 dicant
708 1665 835 1739 balanan
849 1663 1063 1731 battuentem,
1076 1672 1104 1719 et
1155 1672 1299 1728 agnoscam
1312 1673 1373 1714 csse
1385 1659 1494 1727 Optati:
1519 1675 1618 1716 rernm
1637 1659 1735 1715 dicam
1758 1673 1821 1715 esse
1840 1660 1948 1728 scriptun

307 1737 416 1807 proprie
430 1736 564 1809 siguificat
576 1738 712 1795 vinculum
726 1750 771 1793 aut
783 1737 983 1793 redimiculum.
1009 1732 1045 1791 ιιι
1055 1749 1105 1791 au·
1119 1773 1144 1835 B
1156 1738 1218 1798 post
1229 1730 1378 1813 editos-sea
1392 1731 1560 1801 superiorit-
1586 1731 1668 1786 Bene
1683 1739 1780 1813 antem
1795 1730 1880 1793 bibet,
1892 1729 1947 1810 itti

307 1815 361 1862 lem
373 1818 452 1863 eraut
465 1808 538 1864 vitta
558 1809 721 1880 virginales,
737 1810 778 1864 sic
790 1816 819 1863 et
830 1808 892 1863 alite
905 1814 983 1863 erant
1001 1817 1104 1861 matro-
1158 1799 1249 1854 multa
1264 1816 1384 1872 paginae,
1398 1816 1459 1872 aare
1471 1802 1720 1869 desiderabantur,
1738 1810 1854 1856 irruente
1867 1808 1918 1855 sunt
1927 1815 1946 1852 u

306 1878 392 1933 nales.
406 1877 473 1934 Natu
487 1888 577 1951 nuptas
590 1888 722 1935 tutatrouae
734 1879 814 1935 aliter
831 1894 913 1950 qurum
927 1876 1048 1948 uirgines
1060 1889 1105 1932 ca·
1157 1870 1264 1926 'liliano
1282 1872 1449 1941 exemplari:
1473 1880 1501 1928 ct
1520 1881 1664 1942 postrema
1678 1888 1745 1943 pars
1759 1888 1821 1942 ιιι»,
1835 1871 1861 1925 in
1872 1885 1901 1925 eo
1911 1869 1948 1924 de·

307 1955 357 2018 put
372 1949 498 2005 uelabant
515 1960 544 2006 et
558 1951 704 2006 ornabant.
729 1948 806 2005 lhrde
818 1949 994 2020 Propertius:
1156 1951 1231 2008 erat,
1246 1943 1273 1997 in
1295 1943 1355 1998 aliis
1367 1942 1568 2013 exemplaribus
1593 1941 1742 2000 exstiterit
1761 1961 1767 1994 :
1785 1941 1887 1997 tametsi
1906 1956 1946 1995 noe

1156 2013 1334 2070 dubitaverim
1349 2012 1496 2070 detrahere
1508 2026 1535 2071 et
1552 2015 1675 2081 delere,
1691 2013 1768 2083 qnod
1783 2029 1815 2069 ex
1837 2015 1886 2068 liare
1898 2011 1945 2065 liori

353 2060 471 2114 ΟΜΝ
481 2068 596 2127 ⁸⁰⁰⁰P¹³⁸
606 2061 685 2114 ‘stef'
697 2062 758 2114 '¹²³
769 2074 859 2113 ωδ·
1155 2099 1184 2139 ιιι
1206 2084 1241 2139 de
1255 2099 1335 2140 causa
1355 2084 1463 2141 blacerii
1477 2095 1579 2142 temere
1592 2085 1642 2142 hic
1659 2084 1810 2155 repetitum
1821 2124 1829 2149 ,
1841 2093 1867 2137 et
1878 2082 1948 2149 inepte

346 2152 425 2228 134
434 2154 499 2226 Pag.
514 2155 561 2212 att.
578 2155 655 2224 Quod
670 2155 721 2211 sub
734 2153 815 2210 tinem
830 2153 1001 2224 aitDptatus,
1013 2153 1048 2210 de
1061 2167 1104 2220 ea,
1156 2153 1276 2210 additum
1289 2166 1499 2226 atqueassutnm
1509 2156 1600 2211 luerat
1610 2157 1647 2212 ad
1663 2158 1750 2211 herem
1762 2156 1841 2224 liujus
1851 2153 1945 2208 libriin.

307 2241 368 2296 quae
383 2228 503 2283 secundo
515 2226 612 2283 nubit:
627 2242 680 2281 uon
692 2226 720 2280 iu
732 2226 933 2291 attentabitur,
947 2232 1105 2280 annotatum
1156 2225 1210 2283 Sed
1225 2227 1297 2282 nolui
1313 2242 1400 2299 neque
1417 2227 1499 2282 debui
1514 2229 1662 2298 praeterire
1686 2242 1773 2299 quam
1796 2228 1822 2281 in
1834 2224 1948 2288 exempla·

307 2305 347 2353 est
363 2297 398 2353 ab
410 2297 491 2365 aliis,
506 2298 608 2353 dietum
624 2296 710 2352 rideri
724 2312 757 2353 ex
772 2313 849 2353 more
863 2295 998 2353 Africanae
1014 2296 1105 2366 potius
1157 2297 1232 2352 ribus
1254 2297 1360 2353 duobus
1382 2299 1557 2368 appendicem
1576 2306 1758 2369 postremam
1782 2295 1884 2367 reperi,
1899 2294 1947 2349 lieet

306 2380 387 2439 quam
400 2368 484 2425 Latiae
498 2368 602 2426 Gentis.
627 2367 723 2424 Fuisse
735 2369 806 2424 enim
821 2368 893 2440 apud
906 2368 1021 2433 Poenos,
1034 2376 1065 2421 ut
1078 2378 1107 2424 ct
1157 2369 1266 2424 deesset
1281 2370 1307 2423 in
1322 2368 1439 2424 titiano.
1456 2368 1523 2424 illud
1539 2370 1623 2426 modo
1637 2370 1778 2426 contioenr
1798 2368 1825 2423 in
1839 2364 1944 2421 emettda·

306 2439 376 2508 apud
390 2437 533 2512 AEgyptios
544 2449 572 2496 et
583 2438 704 2501 omos.
720 2439 748 2495 ln
762 2455 849 2505 more,
864 2450 893 2495 ut
907 2440 1040 2496 nubentes
1052 2439 1106 2493 sel·
1158 2440 1230 2494 tione
1245 2441 1324 2507 liujus
1338 2440 1398 2495 libri
1413 2442 1542 2510 postremi
1555 2440 1675 2497 minime
1697 2440 1767 2515 mihi
1792 2439 1840 2508 ipsi
1860 2451 1897 2491 nte
1914 2449 1947 2488 sa·

306 2508 340 2564 lar
354 2511 440 2565 curuli
456 2511 615 2577 insiderent,
626 2525 762 2582 curruque
774 2510 902 2567 sublimes
917 2521 1013 2573 vecte
1028 2524 1043 2563 a
1058 2523 1107 2578 pa·
1156 2508 1312 2580 tislecisse,
1340 2526 1427 2583 tueque
1449 2523 1559 2583 propter
1574 2513 1744 2568 uarietatem
1760 2514 1892 2580 scripture
1910 2519 1947 2576 po

306 2579 356 2636 tris
365 2580 448 2637 domn
460 2581 488 2637 in
498 2581 664 2638 domicilium
674 2581 763 2637 mariti
772 2581 992 2639 transferrentur,
1006 2579 1107 2637 Atlio·
1157 2583 1252 2637 tuisse.

305 2665 387 2707 marro
401 2667 476 2709 more
491 2654 623 2709 nubentes
639 2653 727 2724 potius
742 2667 822 2708 mann
837 2652 1014 2710 ducebantur.
1196 2652 1342 2718 ceterum,
1359 2651 1469 2724 utnuod
1483 2652 1516 2709 ad
1532 2669 1589 2710 rem
1603 2654 1698 2726 magis
1711 2656 1848 2725 pertinet,
1866 2658 1890 2705 et
1902 2648 1945 2716 pie·

341 2722 406 2794 Pag.
422 2722 457 2780 at
471 2733 500 2779 et
511 2724 557 2782 98.
580 2724 667 2791 Quam
682 2729 820 2793 postremo
839 2725 990 2795 elegantem
1007 2722 1104 2779 simili·
1158 2724 1218 2779 nior
1233 2725 1431 2780 Donatistarum
1445 2724 1556 2781 historia
1572 2728 1711 2796 postulat,
1727 2725 1859 2792 expleam,
1873 2718 1945 2787 attia

307 2793 427 2850 tudinem
450 2795 549 2866 repetit
571 2796 606 2849 ah
627 2794 778 2864 aucupibus
796 2793 932 2865 Optatus,
951 2794 1059 2852 uidetur
1078 2803 1107 2849 ει
1156 2801 1213 2850 tato
1227 2795 1278 2851 hac
1287 2798 1393 2852 ratione
1403 2795 1539 2852 cumulate
1548 2796 1735 2865 satisiaciam,
1748 2796 1834 2851 risum
1844 2801 1880 2848 est
1890 2803 1946 2844 nunc

306 2865 473 2937 Augustinus
486 2880 547 2921 eum
562 2866 685 2921 imitatus
699 2866 841 2934 repetiisse
851 2867 877 2921 in
889 2864 935 2921 lib.
947 2865 980 2920 ad
1001 2864 1104 2920 lionor.
1157 2866 1276 2936 adjicere
1289 2866 1422 2937 integram
1437 2867 1637 2935 expositionem
1653 2864 1850 2939 disputationis
1864 2863 1894 2917 de
1906 2861 1945 2913 Ει·

239 2990 243 2997 ,
304 2934 340 2992 de
353 2938 412 2994 util.
426 2935 503 2993 cred.
518 2951 579 3009 cap.
593 2937 622 2993 i.
638 2935 697 3006 Ego
713 2951 785 2992 nnnc
798 2936 850 2992 edo
863 2936 1082 2993 emendationem
1097 2977 1105 3001 ,
1156 2938 1239 2993 etesia
1249 2937 1276 2992 in
1289 2938 1457 3008 amplissimo
1467 2945 1600 2995 conventu
1614 2937 1830 3011 Carthaginensi
1841 2948 1894 2990 cuni
1905 2931 1944 2983 Do

306 3007 351 3061 ubi
364 3009 540 3076 prostrarunt
552 3008 690 3063 solentium
703 3048 710 3069 ,
725 3022 758 3063 ex
775 3007 881 3064 meliori
896 3009 1046 3077 exetrtplari
1063 3020 1105 3062 re·
1156 3008 1264 3064 natistis
1285 3009 1383 3063 ltairitae
1405 3023 1540 3080 praesente
1560 3009 1740 3081 Augustino,
1765 3008 1841 3064 aunis
1862 3003 1944 3069 aliquot

306 3076 380 3134 stitui
394 3079 480 3134 omum
494 3080 644 3135 nolentium.
661 3079 768 3134 hiemini
783 3080 875 3146 etiam,
890 3077 962 3151 quod
976 3094 1039 3135 cum
1053 3094 1105 3133 ntt·
1157 3087 1219 3150 post
1239 3091 1356 3137 mortem
1370 3079 1471 3150 Optali.
1497 3080 1563 3137 Nam
1578 3093 1607 3139 et
1624 3083 1653 3138 in
1672 3097 1706 3139 ea
1729 3081 1779 3154 (ιιι
1792 3070 1943 3154 vooetaiutll

306 3163 355 3220 per
369 3149 553 3207 meintissret
566 3149 725 3208 Foroierius
737 3149 888 3208 iuriscons.
900 3150 1104 3207 aarettaaeosts
1117 3177 1141 3242 c
1156 3152 1321 3218 collatione,
1346 3152 1430 3222 ipsius
1448 3167 1559 3225 ,quoque
1578 3152 1673 3224 Optati
1698 3163 1727 3210 et
1749 3151 1875 3209 ttnroron
1895 3155 1942 3214 etit

304 3230 332 3277 et
343 3213 379 3277 de
392 3219 491 3291 Optato
506 3221 575 3279 torte
588 3222 730 3278 incidisset
740 3237 841 3289 serare
855 3223 1040 3283 adraonuisse.
1051 3220 1103 3276 sibi
1155 3237 1234 3278 musa
1249 3221 1447 3291 quodammodo
1461 3231 1520 3278 acta
1534 3231 1596 3289 est,
1623 3233 1654 3279 ut
1677 3240 1712 3281 ex
1729 3225 1784 3291 iis,
1807 3234 1864 3293 qua
1878 3214 1941 3287 path

305 3290 392 3349 uideri
405 3291 433 3348 iu
449 3310 500 3361 co,
513 3294 585 3365 qnod
608 3294 689 3364 paulo
709 3294 893 3365 postllptatus
916 3294 973 3359 ait,
997 3302 1103 3348 eantare
1155 3303 1219 3349 ante
1230 3294 1360 3350 antrotari
1375 3294 1487 3366 intelligi
1504 3303 1603 3366 potest.

574 3521 1061 3654 GABRlELlS
1126 3524 1693 3654 ALBASPINAEI

864 3707 1044 3774 EPlSCOPl
1075 3706 1396 3775 nuauttnuettsts

759 3881 1508 3991 onsuuvuutotttts

253 4175 257 4186 .
353 4094 415 4178 nt
441 4090 724 4179 sanonum
753 4088 1045 4179 oceanum
1083 4089 1422 4179 uemcoputu
1458 4088 1892 4182 ιιιιιιιιιιι.

522 4385 742 4445 assentatio
759 4385 876 4446 tutha.
1153 4385 1284 4457 originem
1307 4384 1464 4454 duxerunt,
1489 4387 1560 4445 istud
1584 4400 1644 4459 est,
1665 4391 1740 4462 qnod
1755 4388 1838 4445 ahare
1854 4388 1933 4437 contre

392 4476 432 4536 De
445 4480 575 4535 orandus
589 4489 614 4536 et
628 4481 778 4536 criminibus
793 4476 1003 4539 Donatistarum.
1113 4495 1141 4556 1)
1153 4457 1241 4584 3¹¹3ss
1255 4458 1422 4585 gama&
1438 4452 1931 4603 ‘gffgffinznoeffffinffs‘fflffilfflffi

1542 4567 1547 4583 a
1869 4566 1876 4589 l

333 4591 374 4649 Es
388 4592 514 4650 omnibns
527 4592 625 4651 birine
640 4594 823 4666 Scriptoribus
837 4595 883 4667 qual
896 4605 988 4652 eontra
1009 4596 1096 4652 haere·
1152 4600 1203 4654 rite
1223 4599 1398 4671 inauguratus
1412 4571 1503 4670 e’sset,
1522 4603 1693 4660 ordinarunt.
1720 4604 1835 4675 liujusce
1854 4591 1932 4660 innuit·

295 4664 365 4720 ticos
378 4678 429 4737 pro
447 4662 570 4723 Ecclesia
584 4666 765 4737 scripserunt,
790 4681 843 4722 raon
864 4678 906 4723 est
922 4669 967 4736 qni
984 4676 1038 4722 um
1051 4667 1097 4723 din
1152 4669 1215 4726 tatis
1235 4672 1310 4726 multi
1323 4670 1501 4728 fabricatores
1515 4677 1695 4742 exstiternnta
1715 4676 1763 4731 sed
1777 4665 1874 4728 Encilla
1890 4660 1929 4714 ld*

295 4733 527 4818 interpretationis
546 4739 605 4793 lnce
627 4743 763 4804 caruerit,
786 4750 867 4807 natatu
886 4735 1002 4806 Optatus
1023 4737 1098 4794 lille-
1150 4741 1223 4796 urina
1247 4741 1365 4813 llispana
1392 4744 1462 4798 hunc
1492 4756 1594 4801 motum
1618 4739 1929 4814 paternationum

294 4816 409 4862 ritanus.
424 4807 459 4862 Et
470 4808 536 4863 licet
549 4808 638 4863 lumen
653 4806 788 4878 aliquoda
804 4806 949 4864 Erancisco
965 4808 1097 4866 balduino
1149 4826 1211 4867 cunr
1226 4813 1364 4868 iuiuncum
1389 4829 1468 4869 sutrim
1484 4815 1658 4872 Caecilianum
1677 4817 1705 4872 in
1726 4817 1771 4874 illa
1790 4808 1851 4869 seule
1871 4802 1928 4857 terre

293 4872 655 4949 iurisconsultoacccperi13
678 4879 740 4948 quia
762 4885 851 4933 tamen
868 4893 911 4934 res
932 4883 1018 4949 potius
1035 4897 1096 4953 quae
1150 4898 1204 4937 uon
1229 4892 1340 4950 posset,
1361 4884 1493 4951 plurimos
1512 4888 1659 4958 Episcopus
1674 4903 1735 4944 curn
1748 4879 1865 4942 wando
1882 4868 1927 4949 litt·

294 4943 328 4999 ad
348 4944 488 5003 historiam
510 4950 696 5017 pertinerent,
719 4949 746 5002 in
765 4964 817 5017 ιιι
837 4952 959 5021 apprime
971 4962 1096 5009 versatus
1149 4952 1239 5008 midiae
1260 4952 1378 5010 Priruate
1399 4956 1513 5025 pecunia
1534 4960 1781 5030 corrupit,cisnue
1796 4949 1925 5027 pennoti,

292 5024 370 5097 erat,
386 5032 465 5087 quarn
479 5034 510 5076 ea
524 5035 585 5091 que
603 5018 735 5075 devetari
755 5020 883 5078 Ecclesiae
902 5022 1047 5094 disciplina
1066 5023 1093 5080 in
1149 5023 1924 5100 ntdepositoliaecilianollajoriaurntectoremdorttesttttitu

291 5084 339 5142 allo
367 5098 477 5146 auctore
498 5099 662 5159 occurrunt,
685 5092 847 5160 explicarit,
867 5096 926 5149 sine
948 5095 1094 5166 interprete
1146 5109 1225 5150 suum
1239 5094 1368 5152 Ecclesia
1379 5098 1585 5172 Carthaginensi
1600 5105 1768 5172 praelucerent
1782 5113 1788 5149 ι
1803 5089 1861 5150 huie
1874 5093 1925 5139 toti

291 5169 355 5212 eunt
369 5156 457 5215 adbuc
469 5160 570 5229 luisse,
589 5164 684 5217 merito
697 5178 841 5235 possumus
856 5164 965 5235 dicere,
979 5166 1051 5237 quod
1066 5175 1094 5222 et
1147 5166 1282 5223 arrtbitiosi
1307 5168 1415 5238 quidam
1442 5170 1540 5227 bouus
1563 5183 1591 5227 et
1611 5171 1744 5238 Silesius,
1758 5152 1923 5240 antenotata

290 5228 458 5314 antiquitatis
479 5232 707 5304 investigatores,
722 5237 1012 5293 etcontrorersiarmn
1032 5247 1093 5292 stn·
1146 5237 1339 5309 Episcopatum
1354 5240 1528 5309 ambiebant,
1556 5256 1666 5315 operam
1688 5253 1716 5300 et
1737 5237 1845 5297 studium
1865 5236 1922 5309 pit·

290 5296 360 5353 duest
385 5299 487 5356 diutius
507 5301 576 5357 terte
596 5319 649 5358 nnn
673 5302 841 5371 debuernut3
862 5322 924 5364 cum
944 5307 972 5363 in
991 5307 1090 5380 Optato
1146 5309 1276 5364 stiterunt
1296 5313 1440 5367 :seniores
1452 5313 1569 5384 Denique
1585 5309 1773 5385 noturaulli,qtti
1794 5303 1920 5373 tleh⁰⁸¹¹²⁰¹

290 5370 375 5453 multa
396 5374 539 5443 utriusque
557 5381 663 5429 exstant
680 5377 810 5446 uestigia,
827 5393 888 5445 ιιιε
902 5378 929 5432 ιι
943 5378 1004 5435 aliis
1022 5395 1086 5435 anc-
1142 5378 1273 5436 Ecclesiae
1288 5383 1485 5452 supellectilem
1499 5386 1651 5456 negabant,
1667 5384 1710 5440 bis
1724 5399 1753 5441 sa
1770 5371 1919 5450 addiderunt.

289 5440 395 5523 toribus
404 5457 457 5498 nou
468 5452 607 5504 notamur.
617 5443 671 5500 Sed
685 5456 828 5517 antequam
842 5447 874 5502 ad
885 5463 916 5503 ea
930 5450 1089 5505 illustranda
1143 5461 1224 5522 atque
1236 5452 1325 5523 plebis
1340 5462 1444 5535 partein
1467 5470 1483 5510 a
1498 5454 1645 5512 daethano
1662 5455 1818 5512 subtractam
1835 5448 1860 5499 ιι
1870 5446 1916 5508 l²¹¹¹

288 5524 446 5597 sanamus,
467 5528 552 5586 pauca
570 5515 605 5570 de
629 5514 827 5573 Donatistarum
843 5518 981 5574 erroribus
1000 5530 1027 5575 et
1042 5521 1091 5575 tia-
1142 5532 1282 5578 nutantem
1296 5525 1323 5579 in
1340 5525 1411 5580 idern
1421 5526 1539 5581 schisma
1553 5528 1727 5598 impulerunt.
1855 5580 1860 5594 ,

288 5583 367 5667 gitus
377 5586 542 5655 prelibanda
555 5594 629 5642 snut.
887 5641 891 5646 .
1147 5593 1150 5598 ’
1179 5594 1225 5649 llis
1239 5592 1323 5650 initiis
1336 5603 1364 5651 et
1376 5598 1532 5653 auctoribus
1549 5599 1748 5654 Donatistarum
1758 5586 1915 5649 dissenserat

323 5653 443 5711 Prnntnn
458 5674 524 5730 ergo
539 5657 737 5712 Donatistarum
750 5658 871 5726 crimen,
890 5674 905 5714 a
920 5673 975 5730 quo
989 5668 1088 5718 catera
1141 5663 1257 5735 primaru
1272 5675 1339 5720 ortae
1350 5677 1422 5721 sarrit.
1442 5668 1540 5724 Verum
1552 5684 1614 5725 eum
1630 5670 1732 5724 interea
1744 5655 1913 5728 animodttt,¹8⁴

193 5779 195 5784 ,
287 5738 383 5783 eorum
397 5728 515 5803 hagith,
530 5730 627 5804 quibus
645 5727 736 5788 htrtca
751 5731 852 5787 tamdiu
870 5746 999 5804 oppressu
1016 5731 1086 5802 luit,
1142 5746 1203 5794 rent
1214 5735 1337 5808 llnjorini
1348 5738 1688 5798 ordirtatiouemstarenon
1700 5725 1914 5813 possemtttffl‘
