4142 6175
162 315 213 372 iol

213 459 323 508 beticus
331 457 414 517 passm
425 455 452 499 el
462 443 587 498 confessor
595 441 663 492 Zeno
673 444 767 501 martyr
776 431 888 497 inclytus
980 405 1008 465 Α

164 562 331 622 Guillelmus
343 557 507 625 Pastreogus
527 547 690 607 Veronensis
708 521 782 600 inter
805 536 895 595 saeculi
922 549 968 589 ιιι

165 658 317 730 scriptores
329 649 545 711 eruditissimus,
559 644 603 700 cui
622 655 684 697 eum
699 638 779 692 ritum
801 631 912 689 latuisse
926 629 968 682 in·

167 750 299 809 credibile
314 748 392 818 plane
406 752 464 809 est,
482 754 571 795 nortne
583 736 618 793 de
632 734 742 791 hocne
756 730 863 798 scripsit
877 731 970 796 aperte

169 844 324 916 mortim
337 835 458 913 potitor?

206 936 300 1008 oeque
318 939 470 1004 opponatur
484 926 514 984 S.
535 924 672 981 Zenotrem
693 913 823 989 martyrio
846 907 970 968 coronari

170 1045 225 1088 non
243 1027 379 1100 potuisse,
393 1024 416 1079 si
430 1032 490 1092 post
502 1018 600 1076 iuliani
617 1011 759 1083 imperium
777 1005 843 1062 uixit
851 1047 866 1070 „
875 1012 902 1057 ut
917 1001 972 1056 dis-

170 1130 238 1180 sert.
257 1115 463 1176 {ostendimus
481 1108 630 1180 Etsienim
645 1112 706 1175 post
725 1100 862 1157 lulianum
884 1092 972 1150 nullas

169 1215 298 1274 initalia
319 1211 449 1267 aduersos
472 1203 640 1261 Christianos
663 1191 865 1267 persecutiones
890 1186 973 1242 luisse

170 1308 348 1369 conceditur,
362 1301 397 1358 de
409 1313 464 1373 qim
480 1297 545 1352 sotis
568 1294 663 1351 eadem
682 1276 886 1354 dissert.,'cap.
906 1279 941 1342 2,
957 1277 972 1350 ξ

170 1405 289 1468 uitimn;
303 1398 392 1454 adbuc
407 1392 583 1451 nibilominus
601 1387 630 1443 S.
646 1384 721 1441 zeno
736 1378 821 1438 occidi
845 1375 932 1448 potuit
946 1372 972 1427 in

170 1497 267 1566 aliquo
279 1494 463 1564 Ριμιιιιιιιιιι,
477 1484 576 1556 quibus
589 1496 650 1538 sese
663 1474 846 1547 imperterrite
859 1467 972 1540 ubjecit,

174 1585 315 1652 tumultu,
330 1576 557 1655 quemadmodum
570 1571 659 1638 ‚simili
673 1570 708 1626 de
730 1582 810 1624 causa
830 1579 882 1619 non
907 1560 976 1615 titul-

175 1690 220 1737 tos
237 1688 299 1751 post
312 1690 399 1732 annos
417 1675 444 1728 in
461 1668 582 1727 linitimis
595 1661 761 1723 Tridentinis
786 1657 900 1731 vallibus
918 1652 977 1725 glo·

176 1774 281 1829 riusam
297 1785 346 1841 pro
359 1765 469 1824 cbristo
491 1770 605 1818 mortem
624 1755 795 1828 oppetierunt
815 1760 870 1804 tres
890 1754 976 1800 sancti

176 1873 316 1937 martyres
326 1862 524 1925 boauttenses,
538 1863 566 1912 et
577 1845 733 1911 sublmle'S.
748 1844 860 1916 vigilius
875 1842 980 1911 cpisco-

176 1974 231 2032 pus
246 1977 254 2010 :
270 1955 311 2012 rel
325 1963 365 2010 tot
380 1961 521 2023 cuneisque
537 1962 587 2020 pro
599 1945 652 2002 lide
665 1937 836 2015 propaganda
851 1947 979 2007 persecu-

178 2052 272 2108 tiones
285 2051 370 2121 putuit
385 2044 461 2101 obire
477 2054 504 2099 et
526 2039 597 2113 pati,
611 2046 676 2111 quot
691 2045 859 2107 quantasrue
885 2040 983 2098 passus

179 2143 351 2200 luiteoaerus
363 2139 461 2195 Brixiae
475 2135 618 2207 episcopus
631 2138 740 2186 sanctus
756 2121 933 2186 Pitilastrius,
948 2119 982 2175 de

179 2253 237 2309 quo
252 2237 310 2292 bec
324 2232 421 2289 litteris
444 2227 560 2302 prodidit
581 2238 723 2281 successor
740 2218 800 2292 ejus
814 2217 843 2275 S.
859 2212 983 2272 Gauden-

181 2332 237 2386 tius
251 2328 280 2384 iu
292 2340 418 2384 sermone
430 2324 463 2379 de
476 2322 529 2376 rita
542 2319 571 2376 S.
584 2314 720 2374 Pbilastrii
734 2326 794 2384 pag.
807 2301 896 2365 blt'et
910 2304 983 2363 bil:

182 2423 283 2480 Contra
295 2419 403 2494 protilos
415 2427 490 2489 atque
504 2412 645 2469 ledeos...
661 2419 685 2464 et
699 2408 845 2464 monime...
860 2401 986 2457 Arionem

184 2516 323 2591 perfidiore
337 2520 409 2567 tento
431 2510 519 2581 ripere
538 2504 680 2580 pupuouit,
695 2508 723 2555 ut
745 2508 821 2554 ettam
842 2492 987 2552 verberibus

183 2611 386 2673 subductiones
405 2606 554 2673 incorpore
576 2615 622 2654 stro
636 2598 757 2670 stipatam
780 2589 885 2645 brutini
908 2583 989 2641 nostri

184 2701 253 2760 ierac
275 2700 370 2758 Clarii
394 2705 517 2770 portaret.
541 2694 570 2750 ln
593 2695 662 2748 bane
686 2684 846 2744 sententiam
870 2680 989 2737 boarutes

187 2794 355 2854 Veronensis
369 2789 497 2848 Ecclesia
512 2786 652 2859 presbyter
666 2774 863 2836 mansionarios
883 2774 910 2827 in
935 2771 990 2825 lin·

186 2890 284 2962 periali
299 2885 416 2943 bbtoria
432 2879 613 2946 nianmertpu
632 2875 690 2931 bec
705 2875 739 2929 de
751 2869 862 2926 Zenone
876 2864 990 2921 scribit:

187 2985 255 3041 Post
268 2983 351 3038 notro
361 2978 492 3050 supplicio
505 2974 598 3041 quieuit
613 2971 640 3025 io
652 2967 755 3024 Cirrirto
769 2981 787 3020 ιι
804 2962 868 3016 iiior
883 2957 990 3026 Aprilis.

578 289 807 358 DlSSERTlei)
826 282 872 351 tii.
895 281 939 340 oc
958 282 988 337 S.
1009 274 1086 334 ΖΕΝ.
1108 271 1209 332 soris
1228 269 1272 327 ΕΤ
1291 265 1420 326 CULTU.

1767 249 1820 308 tos

1022 409 1135 482 proinde
1149 407 1266 463 Zenonis
1281 420 1334 461 oon
1355 402 1477 459 latuisset
1493 394 1668 469 martyrium,
1685 388 1818 463 siquidem

1021 502 1061 567 is,
1077 501 1200 571 ipsojarn
1220 499 1364 570 episcopt),
1380 509 1428 565 pro
1443 489 1595 548 Christiano
1611 481 1818 555 torporiosam

1021 603 1134 652 mortem
1150 591 1317 664 oppetiisset.
1331 587 1491 645 srnbrosius
1503 598 1570 656 erpo
1584 580 1673 637 delata
1685 576 1719 632 ad
1734 591 1763 632 se
1776 573 1821 629 ln·

1021 688 1100 744 dicire
1111 685 1228 756 Virginis
1237 700 1253 740 a
1263 683 1293 741 S.
1304 683 1414 739 Zenone
1426 682 1490 736 olim
1502 679 1620 749 probate
1631 688 1663 729 ac
1673 669 1822 728 betiedictre

1021 793 1102 836 causa
1114 822 1122 846 ,
1135 792 1197 833 cunt
1226 791 1274 846 pro
1289 774 1332 831 illa
1347 773 1432 829 multa
1445 770 1554 841 scripsit
1568 767 1602 823 sd
1616 762 1758 838 Syagrium
1771 760 1824 817 Ze·

1023 871 1102 928 notris
1114 883 1318 935 successorem,
1332 876 1388 922 tum
1401 879 1467 920 sero
1480 862 1560 933 bujns
1574 859 1660 916 sancti
1671 898 1679 924 ,
1691 856 1738 929 qui
1750 855 1823 911 iilam

1023 965 1234 1035 approbaverat,
1246 961 1377 1032 judicium
1389 956 1544 1029 proferens,
1558 951 1685 1023 martyris
1697 948 1803 1005 titulum
1815 988 1823 1013 ,

1023 1059 1070 1128 qui
1081 1055 1115 1111 ad
1126 1056 1313 1111 auctoritatem
1323 1051 1481 1109 contulisset
1494 1047 1655 1118 plurimum,
1667 1041 1762 1114 procul
1774 1039 1825 1095 du·

1024 1149 1071 1205 bio
1084 1163 1138 1205 oon
1153 1148 1298 1204 omisisset.
1314 1147 1349 1200 Αι
1361 1142 1496 1199 Zenonem
1506 1149 1604 1194 article
1618 1135 1746 1190 rtrcmon'ae
1768 1130 1826 1204 epi·

1025 1257 1138 1312 scopum
1154 1242 1232 1298 unice
1256 1239 1393 1310 appellat,
1414 1251 1466 1290 ιιοιι
1491 1242 1656 1304 martyrem,
1676 1226 1824 1297 inquiens:

1026 1333 1068 1390 Tu
1085 1344 1169 1388 cotem
1183 1333 1238 1388 siue
1252 1330 1363 1401 alicujus
1385 1327 1474 1401 [ratris
1499 1323 1605 1379 corraiilo
1627 1318 1677 1374 boc
1698 1318 1827 1391 judicium

1027 1426 1206 1500 prejudicium
1220 1423 1352 1495 fecerimus
1365 1419 1486 1490 puellam,
1498 1415 1610 1470 Zenertis
1624 1421 1719 1468 sanctie
1731 1423 1828 1463 ooeotu·

1027 1520 1073 1572 rite
1090 1518 1190 1586 judicio
1210 1516 1342 1587 probatum
1363 1515 1481 1585 ejusque,
1501 1506 1687 1576 rotietipirctom
1710 1499 1828 1557 benedie-

1027 1610 1105 1675 tt'oue,
1120 1618 1178 1680 post
1190 1618 1227 1661 tot
1242 1622 1324 1660 ιιιιιιοι
1336 1606 1391 1659 siue
1401 1612 1504 1657 auclore
1514 1596 1708 1661 crirro'trotioois,
1718 1594 1773 1647 siue
1784 1605 1828 1645 oc·

968 1743 974 1755 ·
1029 1714 1165 1771 caroloco,
1177 1702 1233 1758 sine
1247 1701 1390 1773 professore
1407 1696 1558 1761 delationis,
1574 1693 1601 1746 in
1616 1687 1758 1762 periculum
1769 1699 1828 1738 rea·

993 1799 1072 1861 Btus
1088 1796 1261 1851 deducendum
1274 1793 1437 1846 arbitrarere.
1454 1789 1543 1857 ltaque
1559 1781 1626 1837 nibil
1647 1775 1829 1847 torinnenio

1034 1888 1096 1957 ejus
1119 1885 1292 1942 niribrosium
1316 1882 1476 1954 cogtrocisse
1502 1877 1587 1949 palam
1609 1873 1739 1929 videtur:
1759 1879 1786 1924 et
1807 1866 1832 1922 si

1034 1980 1195 2037 Ambrosius
1213 1978 1278 2033 nitill
1301 1977 1336 2033 de
1350 1977 1397 2031 illo
1412 1973 1538 2040 rescivit,
1554 1969 1609 2042 jani
1625 1966 1762 2023 Zenonem
1776 1977 1831 2018 uon

1036 2074 1184 2145 martyrio,
1199 2069 1248 2127 sed
1264 2069 1378 2125 traturali
1393 2074 1480 2122 morte
1505 2065 1531 2119 io
1548 2077 1612 2134 paee
1636 2060 1755 2115 iunctum
1771 2068 1834 2126 pro·

1035 2167 1232 2222 babilrssimutn
1247 2172 1307 2229 est,
1324 2161 1441 2232 nisique
1457 2158 1529 2231 paris
1544 2153 1632 2212 etatis
1645 2164 1727 2224 atque
1741 2160 1827 2205 auctu·

1036 2260 1123 2315 ritulis
1150 2257 1312 2313 documento
1335 2254 1471 2310 brrrbrosii
1499 2248 1685 2307 testimonium
1706 2243 1832 2301 elidatur.

1039 2352 1098 2411 Prae
1111 2352 1161 2408 boe
1175 2362 1266 2407 autern
1274 2348 1408 2406 Autbrosii
1420 2347 1575 2403 testimonio
1585 2343 1693 2414 sequior
1703 2338 1784 2395 nimis
1794 2345 1836 2393 cst

1039 2444 1069 2501 S.
1082 2443 1206 2516 Gregorii
1221 2443 1310 2514 blarru
1322 2484 1330 2509 ,
1342 2457 1402 2513 oue
1417 2455 1465 2511 pro
1476 2439 1607 2510 inartyrio
1620 2433 1757 2505 acutiquiur
1772 2444 1835 2499 sup·

1041 2537 1276 2611 petitpuctoritas.
1284 2537 1310 2592 ls
1322 2538 1395 2593 enim
1404 2537 1449 2605 oui
1459 2532 1564 2590 duobus
1572 2543 1632 2600 post
1641 2525 1749 2583 sectilis
1759 2523 1836 2593 risit,

1040 2645 1103 2686 eum
1123 2629 1232 2687 Athesis
1253 2629 1412 2684 miraculum
1436 2625 1571 2688 recitans,
1592 2629 1738 2692 martyrem
1762 2616 1838 2672 illum

1042 2724 1207 2795 appellauit,
1223 2722 1280 2778 lieri
1297 2723 1383 2793 potitit
1399 2727 1427 2775 ut
1442 2716 1571 2774 memoria
1587 2717 1678 2785 lapsus
1692 2727 1753 2768 eum
1768 2724 1844 2764 utar-

1043 2825 1129 2888 tyrem
1152 2818 1253 2873 dictum
1268 2814 1432 2881 crediderit,
1448 2828 1528 2884 quem
1550 2811 1686 2875 loannes,
1702 2824 1718 2863 a
1737 2820 1791 2877 quo
1806 2805 1841 2861 de

1047 2911 1179 2968 miraculo
1192 2911 1277 2966 iuerat
1291 2908 1455 2974 instructus,
1468 2905 1618 2974 simplicem
1640 2899 1794 2972 episcopum
1815 2903 1844 2953 et

1044 3007 1229 3062 corilessorem
1243 3005 1482 3077 pronuntiaverat:
1498 3001 1548 3054 nisi
1564 2998 1632 3053 torte
1652 2997 1710 3065 ipse
1723 2992 1842 3052 ioannes

187 3078 271 3136 Licet
281 3074 353 3134 enim
368 3079 483 3129 mortem
494 3066 586 3163 inillis
593 3058 827 3138 persecutionibus
837 3063 918 3126 at(1¹¹⁰
930 3065 993 3122 ευΡ·
1046 3115 1080 3157 00
1089 3101 1115 3155 5„
1131 3100 1208 3155 mulo
1221 3100 1243 3152 p,
1429 3095 1435 3106 ·
1450 3096 1456 3106 ·

189 3173 283 3246 pliciis
297 3185 350 3227 uon
367 3166 483 3231 obierit,
499 3161 565 3218 ninii
583 3171 671 3215 tatttett
695 3155 720 3211 iit
735 3151 834 3217 refert,
850 3145 994 3219 qttottrinus
1247 3114 1310 3169 psus
1323 3095 1491 3169 probamus
1504 3093 1641 3150 credam·
1656 3090 1685 3145 ln
1700 3087 1730 3146 s·
1741 3087 1846 3158 Grego-

191 3275 298 3336 roartyr
310 3255 565 3336 appelletur,unde
580 3246 779 3322 ntertpresaS.
796 3241 931 3315 Cypriane
945 3252 993 3307 ap-
1122 3303 1129 3316 .
1228 3283 1252 3339 Μ
1394 3282 1439 3312 ·.
1490 3300 1494 3301 ἶ
1606 3280 1610 3290 Ι

192 3356 331 3431 pellarrm
344 3363 372 3407 er
392 3351 431 3406 illi
449 3336 638 3409 consessores,
659 3339 703 3411 nui
719 3336 801 3392 inulta
817 3347 865 3405 pro
885 3329 994 3386 Christo
1047 3296 1129 3390 ΒΨ·
1144 3301 1206 3389 ¹f³f¹¹
1253 3284 1334 3340 ⁰¹³¹¹⁰
1357 3281 1631 3386 ³¹¹¹⁰J³⁴¹V⁰f¹f¹¹ibt¹¹¹
1645 3276 1761 3381 Qum
1777 3272 1846 3330 ⁰⁵¹¹·

228 3454 269 3508 δή
286 3447 405 3505 nondum
425 3445 452 3500 in
474 3438 613 3513 suppliciis
627 3439 802 3493 excesseram
842 3437 868 3484 el
892 3431 994 3496 martyr
1046 3379 1103 3435 ardt
1117 3376 1247 3442 editione,
1262 3374 1291 3432 S.
1304 3374 1441 3431 luvenalis
1453 3372 1611 3428 Narniensrs
1625 3382 1784 3441 episcopus,
1798 3380 1846 3421 eu·

191 3469 227 3526 pa
813 3471 821 3496 ’
1044 3472 1089 3543 jos
1102 3472 1169 3527 lesta
1184 3469 1243 3526 dies
1256 3485 1273 3524 tt
1285 3468 1377 3525 Nonas
1399 3468 1461 3523 llaii
1476 3469 1502 3522 in
1517 3466 1641 3522 Rorriaoo
1654 3459 1847 3535 martyrologio

1005 3192 1088 3259 Grio
1109 3193 1217 3266 quidem
1241 3194 1362 3248 detectus
1387 3190 1413 3245 id
1433 3187 1539 3261 generis
1560 3187 1619 3242 sine
1641 3182 1765 3252 exemplo
1790 3195 1843 3235 oon

193 3559 275 3616 aeque
288 3540 428 3599 cotriessor
441 3543 582 3592 vocatura
598 3529 628 3586 S.
644 3525 758 3583 Paulino
772 3521 848 3579 Felix
863 3518 993 3581 Nolanus,

194 3650 223 3697 et
237 3645 373 3719 martyres
382 3633 445 3688 item
462 3626 652 3700 predicantur,
663 3636 694 3675 ac
709 3617 798 3673 olllcio
811 3611 937 3683 martyris
950 3624 996 3665 eo-

195 3732 290 3787 luutur
303 3726 374 3782 idem
384 3723 412 3780 S.
426 3719 501 3777 Felix
511 3716 641 3782 Nolanus,
650 3710 679 3768 S.
692 3703 902 3766 Eusebvcrcel.
916 3710 996 3771 atque

197 3822 243 3878 alii
254 3862 264 3888 ,
276 3818 324 3892 qui
351 3812 514 3885 ceteroquin
530 3808 653 3881 quedam
673 3804 760 3860 sulum
782 3796 897 3871 preside
913 3808 994 3866 passi,

197 3914 225 3971 in
251 3927 318 3985 pace
337 3907 436 3966 mortui
454 3905 583 3975 deinceps
597 3896 719 3975 [cxxxiv]
739 3902 811 3950 suut.
825 3892 917 3962 ltaque
934 3903 996 3944 cum

197 4006 326 4080 Aloysius
337 4003 521 4073 Lippomanus
534 4013 567 4050 uo
584 3989 654 4049 issi
669 3989 791 4062 (Peretto
805 3991 873 4041 teste
888 3984 914 4038 in
927 3979 999 4035 Lati·

197 4104 241 4159 rtis
252 4097 364 4156 scholiis
374 4093 408 4150 ad
421 4094 503 4147 rictm
527 4088 556 4144 S.
570 4081 698 4155 Zenertis)
717 4080 843 4137 urtiterso
857 4075 930 4132 clero
945 4070 998 4128 Ve-

198 4190 324 4250 ronensis
337 4184 462 4244 dicecesis
481 4179 625 4251 precepit,
641 4184 670 4230 ιιι
682 4172 715 4228 de
726 4186 780 4226 uno
795 4177 916 4239 martyre
930 4178 999 4235 pon·

200 4286 274 4341 tiiiee
287 4280 405 4338 officium
420 4275 619 4335 celebraretur,
636 4264 707 4340 quod
725 4271 804 4317 antea
817 4260 852 4316 de
864 4272 919 4313 utro
933 4269 999 4309 con-

199 4378 306 4435 lessore
320 4370 445 4444 poutidce
457 4365 622 4425 celebratum
644 4360 744 4421 luerat,
762 4351 833 4409 iraud
854 4348 1002 4420 repreben-

200 4467 307 4527 dendus
320 4475 379 4531 est,
393 4476 481 4533 neqire
502 4457 534 4514 iis
552 4447 767 4511 succensendum
783 4445 926 4508 Ecclesiis,
941 4456 1001 4513 que

202 4571 233 4619 ut
244 4560 280 4618 ad
293 4555 457 4615 Veronensis
468 4548 620 4628 exemplum
634 4558 694 4601 sese
703 4536 918 4601 cortiormarent,
932 4534 1002 4589 butte

203 4653 330 4713 eumdem
344 4652 425 4707 ritum
441 4643 557 4703 subinde
577 4639 723 4711 arripuisse
735 4636 801 4691 satis
811 4628 1004 4715 credibile'no·

205 4750 249 4807 bis
261 4757 320 4815 cst,
333 4746 368 4802 de
381 4742 479 4816 quibus
491 4738 579 4811 capite
593 4745 688 4803 ottartu
698 4731 829 4787 dicemus.
845 4726 907 4783 ilaec
921 4734 1003 4789 sunt,

207 4850 385 4912 quaecuuque
400 4848 449 4905 pro
468 4826 592 4902 martyrii
608 4821 754 4882 zenoniani
776 4818 910 4876 sententia
927 4813 1005 4871 eolli-

205 4946 272 5006 gere
289 4928 439 5002 potuimus,
452 4933 480 4980 et
497 4922 557 4977 bec
568 4917 675 4992 quidem
690 4911 803 4986 majori,
820 4926 872 4985 qua
893 4925 941 4980 per
955 4922 1005 4963 nos

207 5024 285 5081 licuit
295 5022 335 5090 ri,
350 5018 489 5094 proposita
501 5026 582 5087 atque
595 5011 737 5075 inculcata,
750 5010 844 5074 lector,
868 5003 960 5068 rides,
976 5010 1006 5058 ut

208 5114 321 5187 nequid
336 5113 442 5169 roboris
462 5108 524 5164 huic
536 5106 605 5177 parti
617 5145 625 5171 ,
639 5119 719 5175 quam
734 5098 898 5157 Veronensis
914 5096 1007 5154 lisele-

210 5211 249 5267 sia
264 5222 333 5264 nune
355 5204 493 5278 sequitur,
509 5200 710 5270 decerperetur.
725 5194 801 5251 Nunc
824 5193 857 5250 de
876 5190 927 5257 iis,
947 5205 1007 5262 quc

211 5316 263 5375 pro
278 5298 414 5358 contraria
430 5293 565 5353 sententia
584 5296 738 5361 suppetunt.

241 5417 258 5491 b
270 5417 301 5473 tl.
310 5446 345 5458 -
354 5415 511 5471 Αιιιιιιιιιιιι
524 5415 675 5481 arpcmcato
686 5401 823 5460 contrarie
833 5401 973 5457 sententie.

248 5527 460 5600 Andmlmimus
473 5522 610 5588 omnium,
625 5518 672 5591 qui
681 5514 801 5574 Zenonis
812 5513 1011 5579 meminerunt,

215 5623 293 5685 testis
310 5632 353 5682 est
366 5622 396 5680 S.
412 5618 574 5678 Ambrosius
588 5613 809 5684 arcltiepiscopus
831 5606 1015 5664 Mediolanen-

214 5717 272 5784 sis,
285 5725 380 5772 auctm
399 5729 464 5771 cum
484 5709 605 5783 pluribus
625 5703 781 5763 nominibus
795 5698 1015 5758 accuratissimus

214 5819 244 5869 ct
266 5809 389 5867 mammo
411 5805 492 5874 otei,
515 5813 571 5860 tum
592 5815 658 5860 tero
678 5796 780 5856 Zenoni
801 5807 920 5867 suppar,
934 5806 1014 5873 quem

1047 3564 1185 3635 signium,
1202 3571 1306 3634 toartyr
1317 3560 1416 3617 dieitur
1430 3559 1477 3615 lib.
1493 3574 1538 3625 tv,
1559 3573 1619 3629 cap.
1636 3556 1686 3623 12,
1700 3571 1714 3609 a
1727 3555 1758 3611 S.
1779 3551 1848 3609 Gre-

1047 3656 1139 3726 gorio,
1156 3668 1217 3708 curo
1233 3667 1324 3709 merus
1337 3650 1478 3707 confessor
1492 3647 1582 3707 luerit.
1596 3647 1674 3704 Atina
1686 3660 1737 3703 nos
1749 3659 1846 3702 erem·

976 3794 982 3805 .
1048 3749 1122 3818 plum
1137 3744 1288 3801 adserimus
1309 3761 1342 3801 cr
1355 3744 1469 3814 epistola
1490 3743 1555 3799 olitu
1582 3742 1617 3797 ts
1642 3741 1755 3809 libis,
1776 3751 1848 3796 nuttc

1049 3838 1084 3895 62
1105 3838 1125 3895 l.
1154 3855 1196 3905 ιι,
1212 3839 1255 3896 ubi
1277 3838 1347 3895 idern
1370 3837 1490 3910 pontifex
1512 3836 1687 3892 beatissimam
1708 3845 1847 3906 nrorcprem

1050 3940 1130 3991 cocat
1155 3933 1185 3989 S·
1201 3931 1328 3989 Leucium
1344 3934 1501 4004 episcopum
1523 3931 1740 3998 Bruodnsinum,
1761 3929 1805 3999 qui
1820 3930 1848 3982 in

1055 4026 1166 4082 laudato
1180 4026 1371 4098 llartyrologio
1387 4039 1437 4080 nec
1452 4040 1507 4080 non
1522 4025 1548 4079 in
1561 4022 1721 4081 Calendario
1741 4036 1792 4076 ms.
1807 4019 1850 4076 Bi·

1051 4117 1193 4174 bliotbecae
1213 4116 1404 4174 casanatensis
1426 4115 1527 4187 scripto
1549 4118 1659 4171 inetntte
1684 4113 1784 4169 seculo
1804 4126 1849 4175 ιι,

1054 4212 1087 4265 ad
1104 4214 1297 4266 monasterium
1312 4209 1446 4282 quoddam
1468 4209 1687 4265 Berterentanum
1701 4206 1766 4262 olim
1790 4220 1851 4276 per·

1054 4304 1174 4370 tinente,
1191 4318 1220 4358 rtt
1240 4302 1302 4359 idus
1314 4301 1435 4359 ianuarii
1456 4302 1591 4373 episcopus
1612 4308 1636 4354 et
1655 4300 1786 4368 eoo'serror
1799 4311 1849 4351 oo·

1054 4395 1187 4461 minatur,
1202 4403 1283 4466 atque
1296 4394 1334 4450 uti
1346 4393 1486 4450 consessor
1500 4392 1608 4464 quidem
1619 4393 1645 4447 in
1659 4393 1716 4462 ipsa
1727 4393 1786 4462 ejus
1800 4390 1852 4446 Ec·

1054 4489 1137 4544 etesia
1152 4487 1322 4543 brundusina
1337 4503 1408 4543 nunc
1418 4500 1524 4558 quoquc
1538 4486 1667 4557 temporis
1680 4484 1787 4541 colitur.
1801 4482 1853 4540 Ve-

1015 4588 1043 4649 ι)
1056 4595 1114 4635 rum
1129 4578 1237 4651 quidem
1253 4589 1295 4635 esi
1307 4579 1450 4635 Leontium
1463 4580 1489 4634 in
1503 4578 1667 4636 editionibus
1680 4586 1740 4649 pust
1753 4577 1853 4634 Roma·

1058 4688 1120 4729 tram
1142 4672 1216 4729 illum
1237 4672 1384 4745 appellari,
1411 4687 1465 4728 non
1487 4672 1640 4729 Leuciom:
1661 4680 1690 4726 at
1711 4686 1773 4728 etim
1793 4670 1854 4741 ejus

1058 4780 1157 4837 corpus
1168 4766 1310 4823 Brundusii
1321 4767 1496 4836 requiescens
1510 4766 1608 4823 ibidem
1620 4766 1757 4832 tradatur,
1769 4765 1856 4823 Brun·

1059 4863 1156 4920 dusina
1171 4870 1261 4917 autem
1274 4862 1338 4918 urbs
1351 4862 1454 4917 nullum
1468 4861 1627 4934 cujusquam
1640 4861 1727 4917 sancti
1748 4859 1855 4917 Leontii

1059 4971 1159 5024 corpus
1173 4955 1243 5027 apud
1257 4969 1288 5012 se
1302 4955 1475 5025 requiescens
1495 4969 1622 5026 uinquam
1644 4957 1785 5026 agnouerit
1794 4996 1803 5025 ,
1826 4962 1857 5009 ut

1061 5049 1129 5105 illud
1139 5050 1168 5106 S.
1178 5048 1269 5105 Leucii
1282 5050 1401 5120 episcopi
1411 5048 1475 5106 olim
1489 5049 1599 5118 habuit,
1613 5059 1756 5122 antequam
1771 5051 1858 5108 Bone·

1060 5151 1170 5197 centurn
1185 5139 1395 5196 transferretur:
1417 5142 1514 5197 melior
1527 5141 1634 5198 ridetur
1646 5140 1726 5198 lectio
1738 5142 1857 5212 priorum

1063 5232 1185 5303 Gregorii
1199 5232 1369 5297 editionum,
1391 5248 1452 5303 que
1466 5247 1528 5288 cum
1542 5233 1663 5306 quinque
1677 5248 1740 5290 mss.
1757 5234 1784 5289 in
1806 5234 1859 5289 lle·

1064 5323 1200 5380 uedietina
1219 5323 1343 5394 allegatis
1354 5321 1484 5380 Leocium
1497 5326 1652 5396 praeierunt.
1664 5326 1705 5382 Er
1717 5326 1861 5381 bisantem

1066 5416 1172 5503 duobus
1184 5415 1214 5473 S.
1230 5415 1369 5472 canituris
1383 5415 1503 5488 lapsibus
1517 5417 1546 5473 in
1561 5417 1687 5489 martyris
1702 5416 1779 5472 ritulo
1792 5414 1861 5472 Con·

1066 5511 1215 5568 sessoribus
1228 5510 1343 5578 tributo;
1360 5512 1430 5567 baud
1447 5520 1549 5569 temere
1561 5512 1656 5568 similis
1669 5512 1761 5582 lapsus
1774 5508 1870 5580 saepi.

1067 5607 1111 5663 cio
1122 5607 1261 5672 exoritur,
1276 5621 1336 5687 cunr
1351 5605 1423 5664 idem
1436 5607 1466 5665 S.
1479 5607 1604 5664 Pontifex
1616 5606 1751 5665 Ζιιιοιιιιιι
1766 5615 1865 5677 marty·

1068 5715 1127 5757 rem
1151 5699 1278 5770 scripsit,
1299 5714 1380 5770 quem
1405 5698 1435 5756 S.
1457 5699 1616 5756 Ambrosius
1639 5707 1785 5768 martyrem
1809 5710 1864 5753 nott

1069 5790 1189 5863 agnovit.
1206 5788 1337 5847 Coronati
1352 5788 1454 5848 Nutarii
1470 5788 1530 5846 Vita
1549 5803 1610 5847 cum
1625 5786 1746 5859 pluribus
1766 5787 1866 5859 impro·
