4142 6175
18 5711 24 5790 ι

18 5799 26 5878 l

256 312 326 375 tuat
741 311 855 377 atita
874 304 1104 373 maulim
1121 300 1433 371 ttbtbttttturtsts.
1844 298 1916 363 1218

295 427 339 483 ts.
358 425 527 485 Marcellinus
538 423 576 479 ιιι
590 424 750 485 clarissimus
764 426 883 487 ardenar
900 435 924 491 rr
944 424 1062 485 normias
1075 424 1099 484 Α
1114 434 1223 479 cansam
1236 420 1371 495 superilno
1384 431 1411 481 ct
1435 428 1498 481 ante
1521 421 1619 476 cerrita
1643 417 1799 488 principalis
1814 416 1916 487 acgtnd

256 519 333 574 alata.
351 517 470 581 literius
483 530 590 591 qaoque
604 517 688 593 partis
703 517 832 577 recitetur
845 516 972 589 epistola.
1114 532 1283 591 raperrmrn
1297 531 1358 572 osse
1371 523 1529 583 nascuntur,
1546 528 1634 585 neque
1653 513 1720 575 milri
1744 525 1836 577 nesus
1850 532 1918 588 pra·

297 611 340 667 la.
357 606 752 681 Romularemcptarracitaait.
766 609 924 673 Honorabili
945 623 977 667 nc
993 607 1060 671 dite·
1114 610 1213 681 positia
1233 626 1240 665 z
1262 622 1350 681 neque
1371 606 1480 667 illorum
1501 605 1643 676 responsio
1659 605 1771 667 marna
1798 616 1916 679 poten,

258 706 381 771 aursino
395 703 453 761 dlio
466 703 691 765 viraclrrissitno
706 712 734 762 et
747 703 889 779 spectabili
904 702 1012 765 tribano
1035 711 1063 761 ct
1114 715 1188 767 cum,
1202 699 1285 757 ratris
1309 697 1436 757 ararnibns
1458 705 1522 754 ante
1548 711 1657 757 musam
1683 714 1756 757 nunc
1777 699 1862 763 limen
1874 702 1920 761 io-

259 798 368 867 potaria
381 795 552 862 llarcellino,
574 794 711 865 dirrclins,
727 794 881 868 sylvanus,
894 803 923 852 et
942 791 1064 853 uniuersi
1113 794 1200 867 gressi
1210 792 1314 865 indicii,
1329 806 1389 862 aaa
1402 791 1456 846 sint
1467 790 1565 849 merita
1577 789 1678 861 negotii
1691 790 1808 849 delinire
1823 794 1920 851 salsa·

258 889 379 961 episcopi
404 887 548 945 Catholici.
559 885 703 944 -Edicto
713 886 919 959 spectabilitatis
930 893 993 953 tun,
1007 893 1061 945 ete.
1114 902 1185 947 mus.
1202 885 1237 941 Et
1253 885 1404 941 alieniora.
1420 884 1557 947 Emeritos
1567 884 1712 956 episcopus
1725 887 1882 957 recognovi.

257 982 337 1040 Errat
349 981 536 1056 apuddugart.
550 990 570 1035 ι.
582 997 612 1049 rr,
626 978 676 1035 roi.
692 980 759 1047 lsi,
774 979 883 1051 aptas
894 989 988 1037 nestra
999 977 1061 1034 edit.
1149 980 1195 1037 ξι,
1211 976 1381 1034 Marcellinus
1396 976 1605 1037 curiosissimus
1624 976 1742 1037 tribunus
1757 987 1780 1032 rt
1801 978 1923 1035 numnius

296 1076 339 1131 li.
356 1073 524 1130 Marcellinus
544 1072 626 1151 25⁰
650 1073 688 1129 air
702 1072 862 1129 clarisainmr
878 1080 902 1126 et
916 1068 1063 1142 spectabilia
1115 1073 1192 1133 dixit.
1208 1068 1366 1127 Constatde
1379 1083 1460 1131 causa
1473 1068 1539 1127 nibil
1549 1068 1659 1140 penitus
1677 1068 1839 1135 mutilatum,
1853 1085 1920 1125 cam

258 1166 373 1225 ιη’ὸιιιιιι
384 1176 409 1221 ct
419 1165 536 1221 natoriae
547 1163 878 1235 dmit.anniam1ustitia
890 1161 1009 1221 dictante
1020 1159 1064 1216 uel
1115 1181 1147 1223 oa
1160 1172 1263 1220 tantum
1278 1177 1339 1233 qun
1352 1169 1415 1217 ante
1426 1160 1526 1231 scripta
1537 1160 1580 1221 rel
1598 1167 1762 1231 gestasset,
1780 1175 1923 1233 praeepe-

258 1259 312 1315 llde
326 1257 411 1314 semel
421 1270 466 1313 me
477 1254 656 1331 spopondisse
669 1254 857 1320 commemini,
868 1251 1061 1325 quidquidcnm
1114 1260 1166 1317 rim
1181 1257 1302 1315 parituri.
1318 1255 1397 1313 Unde
1411 1255 1539 1328 quornm
1554 1265 1647 1321 terite
1660 1254 1809 1326 apartibus
1823 1270 1923 1319 purum

185 1370 191 1378 ·
257 1349 496 1427 utriusquepartis
518 1348 780 1422 episcopisgessero
795 1348 822 1407 in
837 1346 1064 1418 publicamtrans·
1114 1367 1162 1417 rar
1187 1351 1315 1411 constitui
1340 1349 1441 1409 debere
1459 1355 1612 1420 precamus
1639 1356 1700 1417 est,
1726 1359 1816 1413 utrum
1826 1349 1922 1407 edicta

260 1445 408 1501 missurum
424 1458 467 1500 me
481 1457 543 1499 esse
563 1442 698 1509 notitiam,
714 1456 796 1499 causa
818 1442 884 1497 milri
898 1440 1064 1513 repetendo·
1097 1444 1234 1518 paritum
1247 1443 1296 1510 sit,
1310 1442 1380 1507 sicut
1390 1441 1516 1512 superius
1531 1440 1763 1513 interimentum,
1777 1442 1923 1509 reamabi-

257 1555 319 1596 rnm
334 1538 454 1597 nascitur
468 1536 632 1599 edictorum·
648 1535 715 1597 Nam
729 1551 792 1599 enm
816 1535 966 1615 superimis
976 1535 1064 1597 lorma
1115 1537 1179 1595 litas
1192 1547 1282 1601 restra
1299 1535 1427 1593 intimare
1437 1532 1574 1605 dignetur.
1673 1584 1690 1599 ,,

260 1631 469 1706 programmatis
487 1644 517 1687 ea
534 1629 638 1705 digesto
652 1630 810 1697 contineat,
825 1628 923 1701 quibus
938 1626 1064 1687 ordinata
1150 1627 1197 1685 22.
1214 1626 1344 1685 Emetitur
1358 1624 1586 1695 episcopusdixit.
1601 1624 1739 1683 tamarici
1754 1625 1863 1695 numeru
1876 1628 1921 1693 ia·

260 1727 382 1799 cognitio
402 1722 565 1783 inalierrsum
590 1730 719 1797 sequatur
744 1722 878 1781 tramitem
902 1719 1062 1797 iudicandi3
1116 1719 1251 1791 tegritatis
1266 1729 1318 1777 tua
1330 1717 1439 1791 edictis,
1455 1718 1545 1783 omnia
1559 1718 1664 1790 integra
1677 1719 1818 1779 etilliltata
1827 1736 1920 1778 causor

260 1817 444 1874 necessarium
459 1830 701 1883 essecensucram,
716 1815 781 1891 (guid
796 1828 879 1893 super
892 1811 988 1879 eodem
1001 1825 1064 1887 pars
1078 1816 1104 1883 Β
1117 1814 1296 1871 servabimus.
1313 1811 1559 1897 ventosissima
1576 1821 1693 1883 tempas,
1705 1813 1728 1869 si
1738 1814 1796 1870 dies
1807 1815 1918 1886 patitur,

258 1922 373 1984 utraque
381 1910 507 1979 sentiret,
522 1910 613 1966 erlicto
624 1908 659 1964 ab
672 1908 805 1967 uniuersis
830 1905 967 1978 episcopis
988 1903 1065 1976 lingi-
1116 1907 1282 1966 intimamus
1296 1904 1481 1963 Srimnsenim
1495 1913 1523 1965 ct
1535 1904 1626 1965 edicta
1635 1906 1842 1978 spectabilitatis
1853 1917 1918 1976 tua,

234 2018 238 2021 ·
265 2013 324 2060 tare
339 2021 346 2057 ε
364 2002 429 2075 guid
445 2000 576 2059 dicationi
589 2014 657 2063 mere
671 2001 768 2071 partim
782 2012 831 2070 per
844 1997 990 2063 notoriam,
1003 2011 1066 2066 par-
1116 2011 1144 2058 et
1158 1999 1228 2063 sueri
1243 2007 1339 2058 tonare
1353 1998 1490 2071 rescripti,
1506 1999 1576 2055 intra
1597 2007 1713 2070 quatuor
1728 2015 1835 2059 nenses
1850 2016 1920 2059 car·

262 2096 311 2151 tim
328 2109 376 2169 per
390 2092 533 2175 epistolam
548 2090 742 2156 rescribentes,
757 2088 823 2161 qnid
837 2102 919 2160 super
929 2086 1065 2153 conditio-
1117 2107 1176 2155 sam
1191 2092 1292 2155 dencre
1307 2090 1391 2149 liniri.
1403 2090 1431 2148 Si
1446 2092 1496 2148 iste
1511 2099 1555 2149 est
1568 2090 1627 2147 dies
1638 2134 1646 2159 ,
1657 2091 1799 2149 ueniamus
1810 2093 1844 2149 ad
1855 2110 1922 2150 caa-

263 2186 344 2247 nibus
355 2200 442 2261 nuper
457 2183 602 2256 propositis
613 2183 733 2245 sentiant
745 2182 914 2241 intimarunt.
927 2178 1011 2252 Cuius
1022 2179 1065 2237 rel
1117 2202 1186 2249 sam.
1200 2185 1258 2245 nor
1274 2199 1418 2257 possumus
1432 2185 1533 2245 etenim
1546 2185 1691 2261 auirqmn
1702 2183 1739 2251 de
1752 2187 1854 2245 meritis
1863 2187 1920 2245 dis-

261 2278 398 2355 epistelre,
417 2277 460 2335 vei
475 2276 589 2334 natoriae
602 2273 831 2351 quemadmodum
853 2288 885 2330 se
898 2273 984 2335 iorma
998 2288 1066 2337 con·
1117 2289 1238 2354 ceptare,
1252 2280 1304 2339 ιιίιιι
1321 2280 1410 2355 primo
1431 2279 1467 2336 de
1480 2278 1525 2337 die
1540 2279 1621 2349 luerit
1632 2279 1793 2351 indicatum.
1815 2278 1849 2341 Et
1863 2281 1919 2341 atta

264 2370 366 2437 lineat,
390 2364 558 2426 offerendum
585 2366 701 2439 publicis
722 2366 861 2429 obtutibus
883 2365 1019 2447 iudicati,
1036 2375 1067 2424 ut
1117 2391 1208 2433 maru.
1224 2373 1363 2437 Emeritos
1374 2373 1517 2445 episcopus
1528 2373 1686 2446 recognovi.

262 2465 326 2541 quid
340 2465 384 2524 rel
396 2462 576 2545 precedentis
590 2461 673 2525 edicti
685 2467 775 2527 ιθιίιιι
792 2460 931 2539 exstitit,
944 2459 988 2521 rel
1008 2461 1066 2518 sio·
1152 2469 1199 2529 ιδ.
1215 2468 1383 2529 Marcelliani
1392 2468 1430 2523 uir
1449 2466 1610 2531 clarissimus
1624 2466 1742 2533 tribuant
1758 2477 1785 2533 rt
1795 2471 1920 2527 sumnus

262 2555 387 2635 gularum
403 2553 710 2629 partiomrespaosiune
724 2550 841 2617 relatum
853 2552 908 2619 sit,
923 2551 969 2609 ubi
984 2552 1067 2619 uotiua
1117 2561 1192 2627 dicit.
1206 2561 1246 2621 Er
1260 2559 1349 2618 edicto
1373 2560 1494 2623 seerrndo
1517 2559 1589 2621 diem
1605 2574 1771 2633 cognoscere
1792 2562 1918 2634 potuisti,

262 2647 356 2723 papuli
367 2647 547 2705 consideratii
559 2646 672 2725 sibilia,
687 2645 806 2721 qualiter
818 2659 848 2705 ae
857 2643 958 2705 babeat
967 2644 1066 2709 ctami·
1117 2655 1164 2726 qui
1190 2653 1251 2715 dies
1263 2651 1318 2721 lral.
1331 2652 1471 2717 laniorum
1484 2652 1658 2719 videturesse
1671 2654 1842 2722 constitutus,
1852 2670 1917 2726 qno

263 2745 355 2800 tranlis
368 2743 482 2803 intenlio
490 2741 633 2823 peitpibue
639 2739 727 2817 pessit
737 2739 888 2803 adimere.
899 2738 958 2815 Quo
968 2740 1064 2809 indita,
1117 2749 1191 2809 piam
1208 2747 1280 2809 hung
1300 2761 1361 2803 esse
1375 2744 1537 2811 hodiernum
1552 2746 1634 2807 etiupg
1646 2748 1781 2819 suggestio
1793 2747 1920 2818 paieiggig

262 2838 331 2897 idem
341 2838 467 2897 recitarit.
1117 2838 1212 2913 oidcii,
1239 2846 1267 2895 et
1291 2838 1416 2895 recitatio
1445 2838 1607 2903 monstrauit
1636 2838 1729 2897 edicti.
1763 2839 1919 2911 Superest,

302 2933 347 2991 18.
363 2929 520 2993 Honorabili
534 2944 566 2989 ae
577 2929 755 2999 dilectissimo
766 2929 822 2995 salia
841 2930 899 2991 riro
912 2929 1067 2997 clarissimo
1117 2941 1207 2989 utrum
1220 2932 1255 2987 de
1268 2930 1420 2988 ordinando
1443 2931 1552 3005 negotio
1571 2947 1587 2999 a
1610 2931 1709 2999 vestris
1734 2933 1856 3005 partibus
1869 2934 1920 2995 eli-

263 3033 292 3085 ct
305 3025 445 3097 spectabili
457 3025 567 3083 tribuna
581 3033 608 3085 et
621 3025 729 3090 uonria
738 3023 906 3092 Marcellino,
921 3024 1066 3094 durelina,
1116 3023 1268 3096 gendisquc
1279 3023 1404 3100 persenis
1416 3023 1582 3092 satislrctum
1594 3024 1641 3098 sit,
1656 3023 1807 3092 intimetur.
1828 3025 1920 3098 Siqui-

264 3117 391 3184 Siiramta
407 3128 435 3182 el
450 3115 1001 3194 universicpiscopiCatbulici.-lleitum
1015 3132 1066 3184 nos
1117 3115 1179 3184 dem
1193 3117 1221 3182 iu
1233 3117 1345 3182 contusa
1357 3116 1540 3186 multitudino,
1551 3128 1625 3188 certa
1637 3120 1920 3194 nonpossitcsseper·

263 3212 394 3282 sollicitae
412 3211 530 3278 reddidit
543 3211 651 3276 notaria
665 3210 707 3274 rel
722 3211 819 3280 littere
829 3210 942 3278 fratrum
957 3221 1065 3272 nostra·
1079 3200 1104 3282 (i
1117 3224 1196 3279 sarra,
1208 3224 1271 3276 com
1283 3207 1336 3265 lroc
1347 3218 1453 3266 constet
1468 3211 1550 3268 etiam
1562 3210 1664 3284 letibus
1675 3210 1828 3282 definitum.

264 3320 343 3374 rrum,
366 3313 421 3376 etc,
444 3304 524 3368 lirim
545 3304 615 3378 apud
630 3303 662 3364 S.
677 3303 801 3378 dagout,
817 3312 879 3368 loru.
896 3319 926 3378 rt,
942 3304 1065 3374 entatu,
1155 3302 1202 3364 24.
1217 3302 1345 3364 Emeritos
1356 3304 1492 3374 episcopus
1508 3304 1584 3360 dixit.
1604 3304 1678 3374 iiiepn
1698 3305 1801 3378 negodi
1825 3314 1915 3372 utrium

265 3394 352 3466 lipia.
370 3395 668 3460 illuditionirnartra.
1119 3397 1251 3468 terminus
1271 3393 1395 3454 ciliciolis
1418 3394 1572 3463 incluserit,
1598 3410 1632 3464 an
1655 3394 1742 3462 iorma
1770 3397 1919 3466 imperialis

301 3487 434 3566 252lll.
452 3487 621 3556 Marcelliani
634 3488 673 3550 uir
685 3488 845 3558 riariruiuunr
858 3489 1009 3560 ιιὴιιιιιιὶιιιι
1024 3506 1067 3558 aa·
1120 3490 1260 3566 precepti,
1276 3489 1423 3554 nobilitatis
1437 3497 1490 3545 tun
1517 3489 1600 3550 debet
1617 3489 1718 3560 judicio
1738 3489 1856 3556 definiri.
1885 3489 1919 3552 b't

266 3578 348 3633 mrim
359 3578 435 3644 airrir=
452 3578 601 3642 Euidenter
613 3579 738 3652 apparuit
747 3579 986 3646 ediotadicatioois
999 3595 1067 3640 men
1118 3583 1172 3638 alia
1186 3599 1275 3648 aaran.
1289 3580 1424 3652 Emeritos
1434 3583 1578 3653 episcopus
1591 3582 1746 3656 recognovi.

264 3686 378 3732 nrtmera
390 3672 512 3750 prastiio
526 3686 606 3743 quem
621 3686 655 3729 cx
668 3674 788 3736 omnium
801 3673 1068 3748 uoluntatesnscipe-
1155 3675 1201 3730 rit.
1217 3673 1388 3734 Marcellinus
1399 3675 1438 3729 air
1448 3674 1607 3732 clarissimus
1631 3674 1751 3742 tribunus
1763 3686 1787 3731 rt
1800 3677 1917 3734 rratarins

265 3775 337 3832 reat,
354 3779 448 3820 curam
459 3763 559 3844 negotii
580 3765 761 3838 peragendam
775 3806 784 3838 ,
796 3765 923 3837 ananiam
939 3764 965 3824 id
984 3765 1067 3832 etiarn
1119 3768 1196 3836 dieii.
1210 3766 1249 3824 Er
1263 3767 1352 3823 edicto
1365 3764 1423 3822 dies
1437 3775 1479 3824 est
1499 3767 1680 3836 coristitutus,
1702 3767 1847 3834 serrandum
1863 3768 1918 3824 inr-

267 3858 475 3928 sucratissimam
485 3859 572 3930 legem
587 3859 705 3918 uoluisse
722 3860 781 3931 ejus
795 3860 918 3918 recitatio
927 3857 1065 3932 patclceit.
1120 3875 1191 3918 mam
1210 3857 1305 3932 iudicii
1331 3856 1505 3929 principalis;
1521 3868 1549 3916 et
1564 3856 1690 3929 quoniam
1710 3871 1766 3914 nan
1779 3869 1821 3918 ert
1834 3860 1861 3915 iu
1876 3860 1918 3918 bis

266 3948 302 4004 Ει
316 3948 379 4026 guia
398 3947 554 4005 Catlrolicos
566 3951 708 4024 episcopos
720 3951 756 4006 ad
769 3951 850 4012 edicti
866 3963 986 4016 tenorem
1001 3966 1067 4007 con·
1118 3950 1219 4008 diutins
1230 3947 1440 4016 immorandum,
1456 3957 1618 4026 superescat
1630 3948 1657 4003 in
1668 3947 1801 4005 electione
1814 3952 1918 4007 satislr·

267 4042 387 4102 sensissc
400 4048 580 4098 monstratum
592 4051 645 4112 cst,
660 4052 750 4104 utrum
772 4041 855 4106 etiarn
868 4043 989 4112 episcopi
1003 4058 1066 4113 par·¹
1118 4041 1197 4100 ciatis
1210 4039 1365 4098 caelestibus
1378 4040 1543 4097 constitutis.

268 4134 303 4190 tis
315 4132 426 4191 alterius
436 4132 470 4190 de
484 4131 536 4190 hae
556 4149 587 4194 re
610 4132 810 4204 satislecepint,
826 4134 869 4196 uel
889 4144 980 4206 utrum
994 4149 1067 4206 ngpc
1153 4131 1199 4188 26.
1212 4131 1343 4190 Emeritos
1356 4132 1492 4204 episcopua
1507 4131 1583 4189 dieii.
1598 4131 1698 4188 Forma
1712 4115 1839 4205 precepti
1853 4135 1916 4193 talis

266 4226 423 4286 satislacere
434 4228 531 4302 velint,
544 4227 670 4300 intimare
683 4227 837 4300 dignentur.
1119 4235 1170 4296 est,
1183 4234 1214 4283 ut
1227 4226 1297 4283 intra
1311 4234 1428 4298 quatuor
1442 4240 1549 4283 irenses
1564 4241 1644 4284 caasa
1653 4225 1770 4284 dicatur.
1783 4228 1810 4286 Si
1821 4243 1918 4285 secare

302 4320 348 4378 uo.
360 4319 490 4392 Emetitur
505 4319 639 4392 episrmm
653 4318 728 4376 dieii.
744 4321 811 4384 scta
822 4327 876 4392 est,
887 4327 918 4390 ut
929 4321 1066 4392 arlrilror,
1119 4319 1182 4388 dum
1193 4318 1263 4388 hanc
1278 4317 1393 4390 formam
1403 4318 1578 4396 sublimitatis
1591 4328 1645 4388 tum
1660 4320 1778 4394 edictum
1798 4330 1839 4386 est
1851 4338 1919 4382 can-

269 4426 351 4469 cansa
371 4412 501 4482 etadlrnc
515 4411 726 4478 conmorantium
740 4427 795 4470 non
817 4420 860 4472 est
879 4421 978 4484 bitinia
1004 4429 1066 4494 per·
1119 4413 1253 4482 sticarum,
1266 4421 1393 4483 superest
1414 4422 1445 4472 ut
1466 4422 1628 4485 suggerente
1640 4412 1733 4470 oliicio
1750 4414 1777 4472 in
1799 4413 1916 4471 mediam

267 4519 346 4574 pana.
362 4505 423 4561 'libi
437 4505 522 4580 apim,
535 4505 660 4582 iudicum
674 4506 827 4577 uerissime,
851 4507 919 4566 niiril
939 4506 1010 4564 aliud
1025 4508 1067 4568 in·,
1119 4505 1342 4576 eausamittatur.
1357 4502 1391 4564 Et
1405 4504 1458 4566 alia
1472 4520 1562 4562 maan
1574 4505 1711 4568 Emeritos
1721 4506 1863 4578 episcopus
1875 4522 1917 4564 re·

266 4601 371 4659 cambit
384 4616 464 4675 quom
481 4610 573 4664 tenere
587 4603 740 4660 ueritatem.
755 4602 785 4662 Si
799 4603 871 4662 enirn
885 4603 1006 4662 omniurn
1022 4596 1246 4674 aeliminata.

266 4697 400 4770 gottorum
413 4705 566 4758 avertamus
576 4695 751 4764 instantiam,
763 4695 851 4768 primo
871 4695 906 4756 tle
919 4704 1042 4767 tempora
1058 4738 1067 4764 ,
1156 4689 1202 4746 ti.
1218 4687 1388 4748 Marcellinus
1402 4689 1440 4745 air
1463 4690 1622 4764 plenisimus
1636 4689 1751 4750 tribanus
1764 4703 1788 4751 rt
1801 4694 1917 4750 aornim

266 4788 451 4860 demandare,
468 4788 805 4860 depersona,deeausa,
832 4787 1068 4848 tuacdcmumad
1120 4784 1196 4852 diaia
1223 4782 1348 4844 (illiciunt
1383 4783 1417 4858 ad
1444 4785 1556 4856 quesita
1584 4787 1758 4857 respondeat.
1788 4785 1917 4858 Narrrpiar

265 4882 363 4940 merita
378 4882 480 4956 negotii
494 4880 656 4952 ueniendum
671 4886 723 4948 cst.
738 4876 852 4948 Quodsi
875 4881 1067 4953 praetermissis
1120 4875 1213 4953 Scriia
1225 4874 1302 4934 dicit.
1317 4875 1472 4940 &crinium
1495 4874 1568 4933 diem
1592 4877 1673 4946 edicti
1699 4878 1845 4938 nobilitatis
1864 4888 1917 4935 ton

266 4972 337 5039 istis.
357 4974 505 5036 scoriadam
530 4972 752 5048 larensesiasces
774 4972 981 5048 jactantiamque
993 4972 1067 5037 illius
1119 4979 1231 5044 quartus
1249 4969 1352 5038 mensis
1374 4969 1521 5038 correlusus
1545 4979 1599 5041 cst,
1617 4969 1662 5030 die
1682 4987 1730 5030 ιιι
1748 4970 1802 5032 kal.
1820 4970 1916 5028 lunia-

266 5066 459 5126 comroversire
472 5079 553 5148 qoapr
567 5062 712 5140 tribupalip
726 5063 779 5138 sibi
793 5064 943 5136 uindicem,
954 5080 1065 5136 semper
1119 5078 1189 5124 rrun.

158 5173 164 5194 ι
265 5153 360 5230 legalis
376 5155 453 5228 napis
476 5158 543 5232 ritas
557 5171 590 5222 aa
604 5171 695 5230 serint
717 5157 930 5236 seruandusept,
949 5156 1065 5230 iudica,
1152 5156 1198 5224 28,
1216 5154 1384 5228 binominus
1402 5159 1442 5216 air
1455 5160 1613 5220 riairrimur
1635 5158 1787 5226 adiuuaret
1800 5161 1916 5218 ramnus

265 5247 308 5303 vir
321 5248 454 5322 sublimis.
469 5250 495 5324 ip
510 5251 618 5326 negatio
631 5249 786 5328 dlurisiillla
800 5265 809 5308 ι
824 5251 888 5332 ania
901 5251 1066 5326 priennaee,
1115 5251 1194 5324 dieii.
1210 5250 1278 5310 Cum
1294 5260 1385 5326 partes
1404 5252 1596 5326 &retugiuem
1611 5260 1733 5325 atraque
1753 5254 1915 5320 uenissent,

263 5337 367 5412 judicat
377 5338 460 5412 liena,
474 5339 520 5418 gui
533 5349 662 5418 etpostra
675 5347 774 5426 mertia
785 5345 879 5418 elueri
889 5344 989 5424 iudicis
1002 5359 1066 5406 scn-
1117 5347 1146 5412 lu
1167 5347 1237 5408 bunc
1251 5362 1299 5412 aas
1318 5347 1391 5408 diem
1415 5348 1589 5416 mursensisse
1610 5363 1664 5408 non
1680 5347 1792 5414 dubium
1805 5355 1855 5406 esi.
1872 5346 1916 5404 Si·

265 5429 377 5485 temiam
391 5445 466 5504 aqna
481 5431 635 5506 ponderans
650 5436 717 5493 libra
732 5451 767 5508 pe
781 5436 923 5510 iauepgat,
937 5437 1065 5504 attendit.
1116 5439 1237 5510 auidam>
1251 5440 1324 5508 nulla
1347 5455 1429 5511 super
1447 5440 1499 5498 bac
1523 5450 1600 5512 parte
1621 5439 1746 5506 videatur
1760 5449 1807 5497 aut
1820 5439 1917 5508 ditabo

263 5522 454 5598 Edictisenim
470 5524 617 5612 prepositis
634 5528 789 5610 praseniiae
814 5536 867 5600 tun
881 5536 1012 5608 ιιιιιιιιιιι
1030 5528 1066 5590 ad
1119 5531 1471 5603 postulatn,aotiadicium
1484 5531 1670 5606 flagitatum,
1773 5563 1779 5575 ·

263 5615 363 5687 iudicis
377 5616 544 5690 voluntatem
560 5621 690 5691 pertinet,
716 5622 784 5682 nibil
800 5632 926 5694 temere,
946 5622 1013 5677 nihil
1026 5622 1068 5679 in·
1155 5624 1201 5682 29.
1216 5622 1361 5681 Petilianis
1371 5626 1506 5699 annonae
1519 5626 1595 5682 dieii.
1609 5625 1666 5683 Nos
1687 5625 1721 5682 ad
1738 5625 1809 5692 banc
1821 5624 1915 5690 urben

268 5709 886 5788 congrue,nli1iladuersusrliguemridemus
905 5727 966 5776 essu
979 5715 1068 5786 prola·
1119 5734 1154 5775 rr
1179 5716 1234 5774 inl.
1248 5719 1293 5775 die
1305 5718 1444 5788 iuniorum
1469 5721 1590 5788 uenisse,
1613 5730 1641 5779 et
1655 5723 1760 5781 notoria
1773 5730 1863 5778 nestra
1875 5720 1915 5778 si·

234 5809 240 5818 ·
269 5807 325 5866 inm
337 5811 467 5874 guantum
480 5804 514 5863 ad
527 5806 722 5879 responsiones
734 5814 853 5875 nostras,
868 5807 994 5888 queniam
1004 5816 1068 5878 anta
1121 5809 1281 5888 gratimus,
1306 5820 1335 5876 et
1356 5827 1465 5874 amnem
1491 5829 1545 5878 non
1570 5814 1632 5878 dieo
1652 5816 1852 5894 Coniugium,
1866 5813 1917 5876 sed
