4142 6175
305 276 352 332 iii
873 277 917 335 DE
941 274 1065 337 studit
1082 271 1226 336 uuuouts
1246 278 1383 338 EPOCHA
1895 282 1946 337 lii

303 389 449 453 delictum,
469 397 498 446 ιι
515 387 662 454 serebatur,
682 388 797 446 Verane
817 390 1003 447 commissum.
1020 390 1055 446 ht
1068 390 1102 445 il·
1117 394 1144 452 A
1158 391 1249 461 ribus,
1265 389 1604 461 contabulationibusque,
1633 402 1665 444 ac
1685 388 1755 445 ludis
1777 389 1944 461 abhorrerem

302 483 359 542 inm
377 482 550 555 reprehendit
571 482 751 550 Ambrosius,
771 483 843 556 quod
857 485 917 541 sinc
932 485 1047 541 consilio
1061 486 1102 542 al·
1154 492 1236 553 atoue
1250 493 1281 539 ιιι
1295 484 1353 540 Dea
1368 490 1477 539 uacaret
1491 483 1572 538 etiam
1592 480 1620 536 in
1634 494 1700 552 agro
1714 496 1773 537 susc
1786 485 1945 542 consortium

303 575 389 632 terirrs
401 573 492 630 iratris
504 573 605 646 (ιιιιιι
617 573 740 631 modeste
755 575 882 647 innitens)
895 575 1025 647 judicium
1040 591 1104 647 age·
1153 573 1296 632 aiiinitatis
1309 574 1467 645 refugisset,
1479 583 1506 629 et
1517 572 1586 630 iorte
1598 572 1705 629 liaximi
1719 573 1853 630 licentiam
1862 615 1869 643 ,
1879 576 1945 646 quod

300 676 353 725 ret.
369 666 444 722 Licet
459 665 531 721 enim
546 665 653 723 rarione
668 666 767 737 patrati
788 668 876 739 stupri
895 667 996 725 iudicia
1017 668 1103 740 ipsius
1154 665 1268 723 innuere
1291 664 1398 722 uidetur
1419 662 1600 730 Ambrosius,
1621 659 1743 731 addens,
1766 664 1866 737 ιιὶιιιι
1885 668 1945 738 pret

300 756 405 830 Syagrii
421 755 619 828 jurisdictionis
637 758 817 827 subderetur;
838 767 958 817 attamen
974 775 1036 817 cuns
1052 776 1102 816 ex·
1154 757 1247 813 dolor!
1266 757 1358 828 Quare
1381 757 1514 813 Maximus
1535 756 1600 813 odio
1620 755 1647 812 in
1669 755 1797 812 indiciam
1819 755 1944 827 hagrans,

300 860 357 909 tera
378 860 468 919 esser,
491 859 520 907 ut
541 851 625 923 ipsius
647 852 730 909 sitam
754 867 786 910 aa
808 868 900 911 mores
921 862 1101 927 agnosceret,
1153 849 1568 922 conbasitenlnmniam,en1us
1589 850 1708 908 inrrtores
1722 849 1815 908 habuit
1829 867 1890 919 eos,
1903 854 1945 925 qui

299 943 445 1001 corrsilium
461 942 575 1016 Syagrio
588 944 769 1015 expetendum
784 944 836 1001 luit
855 944 890 1000 ab
912 945 973 1017 ipsa
994 944 1103 1017 potissi·
1152 942 1266 1015 uirginis
1281 940 1392 1000 indiciae
1404 943 1584 1006 corrrtuemta,
1600 958 1633 999 ιι
1642 943 1814 1000 saecularium
1835 959 1944 1011 conspe·

300 1051 374 1092 nrum
384 1035 545 1102 hrnbrosio,
566 1036 609 1091 eui
631 1046 695 1092 nota
719 1045 780 1093 erat
803 1034 915 1093 iudicia.
942 1035 1023 1093 Nulla
1048 1035 1103 1093 alia
1153 1034 1276 1092 tudinum
1291 1034 1352 1108 iuga
1366 1034 1463 1094 odensi
1475 1045 1564 1092 erant.
1581 1035 1653 1091 iiam
1667 1045 1691 1092 et
1711 1036 1754 1091 hia
1771 1037 1879 1093 virimar
1897 1038 1944 1093 da·

300 1128 369 1185 ratio
390 1127 614 1199 reprehensionis
637 1126 719 1198 hujus
739 1127 837 1186 adduci
860 1139 962 1201 potest.
986 1128 1055 1185 llam
1078 1127 1103 1184 si
1153 1128 1233 1193 dam,
1248 1140 1273 1185 et
1287 1129 1342 1184 iiiia
1355 1144 1411 1185 esse
1423 1129 1614 1199 comperimus,
1634 1128 1679 1200 gai
1698 1129 1865 1198 comperirem
1884 1131 1944 1184 irone

303 1222 467 1280 t'eruuensts
491 1220 586 1278 luisset
609 1223 705 1293 uirgo,
730 1229 760 1277 ιι
787 1221 858 1279 laiso
879 1223 1023 1294 putabatur
1045 1231 1103 1279 stu·
1152 1230 1294 1293 pumamm
1307 1220 1484 1289 calumniam,
1506 1237 1570 1291 paor
1589 1221 1679 1288 aiant,
1696 1229 1719 1276 et
1734 1219 1845 1290 offensos
1858 1220 1945 1292 [arisae

300 1325 392 1386 prata,
414 1323 441 1370 ct
459 1313 510 1385 ipsi
529 1312 644 1386 Syagrio
662 1322 746 1379 uota,
761 1329 811 1371 cur
824 1315 859 1370 ab
879 1313 940 1372 aliis
955 1313 1052 1371 notitia
1067 1313 1103 1372 de
1154 1311 1288 1381 lineium,
1303 1312 1372 1385 qaod
1391 1314 1441 1369 ista
1463 1316 1534 1385 sirpo
1548 1329 1600 1368 aron
1618 1314 1759 1369 mecanicae
1779 1313 1882 1380 ιιιιιι,
1902 1330 1944 1369 aec

299 1407 346 1464 illa
359 1405 523 1479 exquirenda
536 1406 613 1462 erati
628 1405 666 1462 he
678 1405 730 1463 isac
742 1406 837 1463 notitia
850 1421 932 1479 agere
945 1406 975 1464 S.
987 1405 1103 1464 Ambro-
1152 1420 1242 1461 emam
1254 1416 1385 1461 matronas
1399 1405 1508 1472 saisrer,
1519 1416 1596 1476 atone
1607 1405 1714 1460 ambiar.
1728 1404 1768 1462 lta
1781 1392 1942 1462 Ambrosias.

216 1504 220 1511 “
298 1501 369 1556 aium
391 1498 523 1568 exipsius
537 1497 661 1569 epistotae
676 1497 766 1555 serbis
781 1498 954 1556 manifestam
967 1507 1025 1565 est,
1040 1513 1101 1555 aura
1152 1494 1230 1553 Nulla
1252 1496 1297 1553 hic
1316 1497 1352 1554 de
1372 1513 1401 1553 re
1421 1496 1549 1554 familiari
1570 1497 1733 1565 mentioilt;
1755 1500 1942 1570 quaproptersi

299 1591 370 1648 Ιιιιι
383 1590 507 1655 norisium
527 1590 642 1663 Syagrio
664 1591 803 1663 prebeat,
829 1590 1049 1649 benedictionem
1074 1598 1103 1647 ιι
1152 1588 1289 1646 Ambrosii
1310 1591 1392 1646 rerba
1416 1590 1527 1660 proprie
1549 1588 1725 1661 inspiciamus
1743 1597 1869 1660 aspecto,
1890 1590 1943 1647 haec

297 1685 543 1743 sanctificationem
556 1683 677 1741 uenenis
691 1697 741 1756 pro
753 1683 855 1741 indicia
872 1683 1006 1757 allegans,
1024 1684 1100 1754 eius·
1151 1680 1217 1739 iacti
1233 1683 1312 1755 hujus
1327 1684 1428 1739 ueritas
1441 1683 1613 1753 apertissime
1627 1698 1660 1739 ιι
1676 1684 1746 1754 ipsis
1758 1684 1846 1741 uerbis
1859 1698 1943 1741 emer·

297 1796 351 1853 que
374 1780 507 1838 innocuos
532 1792 623 1835 mores
648 1777 769 1835 restibus
786 1777 983 1848 comprobans,
997 1785 1026 1832 ιι
1045 1792 1099 1833 ιιι
1113 1775 1199 1851 Bgit.
1225 1774 1342 1843 indicia,
1368 1790 1428 1847 quae
1446 1775 1557 1843 Rornae,
1583 1784 1611 1832 et
1633 1774 1696 1832 aiibi
1723 1775 1808 1836 multo
1830 1785 1942 1849 tempore

298 1872 519 1936 veronensibus,
534 1870 583 1928 sed
597 1870 715 1939 exteris,
732 1879 761 1925 ut
774 1870 871 1927 eodem
886 1869 917 1927 ii
933 1869 1023 1940 capite
1041 1868 1101 1940 phr-
1152 1873 1218 1941 tuit,
1244 1879 1273 1927 ut
1295 1887 1330 1927 ex
1354 1870 1433 1941 troius
1453 1868 1577 1942 epistole
1596 1878 1688 1938 textu,
1710 1884 1744 1927 ιι
1762 1885 1795 1927 ιι
1817 1871 1866 1936 iis,
1887 1887 1941 1941 que

298 1965 374 2023 ribus
387 1962 493 2022 ostendi
509 1962 577 2037 (liis.
594 1978 603 2017 ι
623 1962 655 2018 de
682 1961 770 2041 Serm.
787 1962 818 2018 S.
834 1959 901 2016 Zea.
914 1960 935 2033 ).
956 1958 1017 2017 Non
1034 1974 1101 2032 ergo
1150 1963 1219 2019 alias
1233 1960 1430 2033 expendimus,
1444 1970 1568 2037 ponant,
1588 1961 1724 2018 veronam
1743 1976 1774 2018 se
1790 1961 1941 2031 conterens,

298 2055 463 2116 Veronensis
473 2055 574 2111 indicia
587 2053 648 2110 init.
1151 2065 1180 2111 ιι
1192 2055 1264 2127 apud
1279 2068 1401 2111 sororem
1417 2053 1568 2121 habitaret,
1583 2055 1742 2128 corrriguam
1756 2053 1846 2114 domui
1864 2044 1941 2112 ilasi-

332 2150 421 2222 ipsum
443 2163 509 2205 sero
530 2148 561 2203 u.
584 2145 721 2203 Ambrosii
742 2153 847 2202 textum
868 2144 985 2201 aberunt
1005 2144 1100 2202 eximii
1150 2149 1198 2216 mi,
1215 2148 1275 2221 ipso
1289 2147 1594 2204 consentientedomum
1604 2148 1740 2205 conduxit
1752 2156 1844 2219 aperto
1858 2165 1939 2216 mara,

295 2241 451 2308 iialierinii,
467 2254 522 2311 nuo
535 2238 688 2296 euidentius
702 2248 829 2319 constare
841 2237 953 2307 dicunt,
969 2238 1098 2296 indiciam
1149 2253 1196 2312 ut,
1213 2256 1353 2300 accessam
1367 2241 1401 2298 ad
1416 2256 1539 2300 sororem
1554 2242 1659 2299 habens
1668 2284 1676 2310 ,
1686 2231 1784 2314 posset
1798 2253 1850 2300 ιιιι
1864 2244 1940 2301 libere

297 2336 482 2395 Veronensum
496 2333 590 2390 fuisso·
606 2331 676 2401 Quid
690 2332 713 2388 ι’
725 2348 758 2390 ιι
770 2332 803 2390 iit
815 2333 901 2404 ἰιιὶι,
915 2348 973 2405 ottoe
994 2334 1022 2389 in
1035 2332 1099 2387 Am·
1148 2352 1240 2396 ιιιιιι
1266 2337 1404 2403 habitare,
1429 2339 1525 2395 rrolcrrs
1547 2339 1574 2394 in
1597 2338 1680 2395 domo
1701 2340 1811 2412 cognati
1833 2341 1938 2398 aliarum

295 2431 376 2489 brosii
396 2428 505 2501 epistola
524 2439 686 2498 camaram,
717 2427 845 2484 indiciam
870 2427 995 2501 sirginern
1018 2426 1098 2484 iero·
1148 2429 1345 2487 consuetudine
1363 2430 1497 2499 distrahi,
1512 2445 1598 2502 quaro
1612 2446 1664 2487 nee
1678 2431 1740 2488 ruri
1753 2446 1813 2488 curn
1833 2432 1938 2489 blasima

296 2543 400 2585 mensem
421 2526 503 2599 faisse
522 2525 678 2582 iacaientirts
699 2523 899 2597 confirmemus?
914 2521 1015 2580 Etenim
1036 2522 1097 2579 iia·
1147 2538 1210 2581 esse
1221 2524 1316 2581 satuit.
1329 2522 1502 2581 Continentia
1516 2523 1626 2582 indicias
1638 2525 1754 2598 uirginis
1766 2525 1880 2583 oiieosus
1890 2526 1938 2587 tta·

294 2621 380 2677 aimon
401 2620 504 2676 sororis*
523 2619 563 2674 air
589 2630 725 2690 postquam
750 2617 795 2673 lira
819 2617 942 2674 odansue
965 2616 1097 2673 indiciam
1147 2615 1236 2672 ximus
1251 2617 1339 2687 primo
1351 2616 1495 2688 jurgatus,
1511 2627 1541 2674 ut
1562 2617 1678 2686 uidetur,
1704 2631 1817 2692 propter
1833 2621 1937 2678 libemrn

224 2704 229 2709 ’
296 2722 365 2769 enata
377 2711 575 2783 depellendam
590 2709 808 2780 horris..iudiaiu
824 2717 999 2768 attentasset.
1016 2750 1023 2765 .
1038 2726 1097 2765 aaut
1146 2706 1409 2766 iudiclaeaceessuns
1430 2726 1446 2767 c
1465 2726 1514 2767 sua
1530 2712 1557 2768 in
1572 2711 1684 2769 donrom
1698 2715 1813 2783 uxoris,
1828 2725 1936 2772 romae·

296 2805 456 2861 uehementer
474 2812 609 2876 appetetur
624 2842 655 2858 ..
683 2802 754 2873 ursod
771 2801 852 2875 Virgo
875 2802 904 2859 in
923 2817 989 2875 agro
1008 2803 1097 2860 altini-
1146 2799 1356 2871 tionejudieioli
1372 2802 1521 2870 intentata,
1541 2802 1585 2859 eui
1604 2804 1780 2862 occasionem
1799 2821 1938 2863 consensus

296 2897 358 2954 tatis
371 2911 428 2952 sure
442 2894 586 2967 refugisset
600 2894 785 2961 consortium,
801 2909 878 2951 muro
892 2893 1036 2966 interiecto
1052 2894 1095 2968 (ia
1146 2895 1285 2966 prestitas
1297 2894 1333 2951 de
1346 2895 1495 2966 aperiendo
1509 2911 1586 2953 muro
1600 2912 1615 2953 a
1630 2897 1752 2955 biarisne
1765 2900 1828 2957 dure
1840 2902 1936 2973 potuit,

295 2987 485 3060 memoratique
505 2984 598 3059 damn)
620 2984 751 3043 discretas
772 2986 846 3043 ades
868 2985 961 3042 uxoris
982 3001 1041 3042 ιιιι
1062 3000 1095 3043 ιι
1145 3002 1223 3045 muro
1245 2987 1381 3044 obstrusit
1402 2988 1523 3056 aditum,
1545 3003 1716 3062 uxoremque
1736 2993 1886 3064 probibuit,
1907 3010 1937 3051 ne

295 3082 424 3156 uirginis,
445 3080 612 3154 disisanmue
623 3079 812 3154 germanitatis
830 3080 902 3138 iuter
917 3095 1027 3138 sorores
1049 3095 1095 3138 so·
1145 3079 1180 3137 ad
1199 3095 1322 3138 sororem
1341 3079 1471 3139 indiciam
1489 3081 1651 3153 accederet,
1672 3100 1750 3158 aegro
1767 3085 1793 3144 id
1816 3086 1883 3145 ione
1900 3086 1936 3144 ic·
1996 3159 1999 3164 .

294 3176 421 3234 eietatem
436 3216 443 3231 .
459 3191 535 3231 ,ιιι
544 3176 661 3247 §armat
676 3215 683 3228 .
698 3216 706 3229 .
720 3175 789 3247 qaod
802 3183 980 3247 orgammtrsm
992 3182 1031 3230 eat
1044 3162 1131 3229 eoi-C
1148 3184 1226 3233 rente
1247 3176 1339 3233 animo
1367 3179 1424 3249 ipso
1446 3193 1533 3235 uxore
1559 3195 1619 3236 sua.
1635 3180 1753 3238 nemum
1774 3184 1800 3239 in
1819 3183 1935 3241 iudiciam

295 3270 375 3338 deas,
398 3269 492 3326 medice
505 3268 597 3325 domas
611 3275 711 3340 partem
723 3266 759 3323 ed
771 3264 902 3322 indiciam
914 3275 1061 3339 speciosam
1074 3267 1097 3322 si
1148 3267 1236 3340 stupri
1250 3268 1414 3330 calumniam
1429 3270 1569 3327 coniiauit.
1586 3271 1650 3328 ilaec
1668 3288 1703 3330 es
1726 3274 1777 3344 ils,
1790 3292 1855 3348 ,ιιι
1872 3276 1936 3345 apnd

276 3365 363 3421 enim
381 3381 415 3421 ea
433 3364 488 3420 aiio
507 3363 569 3418 arie
587 3361 715 3419 Vmonaar
728 3360 888 3427 aduenisset,
903 3360 1035 3417 discimus
1049 3376 1097 3432 pro
1147 3358 1322 3417 Ambrosium
1337 3361 1476 3432 leguntur,
1492 3362 1573 3419 obsio
1586 3354 1735 3437 emergunt
1753 3383 1841 3425 senso.
1859 3369 1938 3425 Cate-

295 3456 399 3524 hastiii,
419 3466 444 3512 et
462 3470 553 3511 auerso
567 3455 594 3510 ia
607 3455 681 3510 itiam
695 3454 801 3521 animo,
815 3469 873 3509 eam
887 3451 983 3519 doaso,
996 3462 1022 3510 et
1035 3452 1097 3510 arira
1147 3469 1207 3511 rum
1229 3454 1304 3511 litem
1326 3454 1361 3511 de
1381 3455 1542 3527 quibusdam
1565 3457 1643 3515 bonis
1655 3497 1663 3524 ,
1677 3474 1711 3515 ιι
1726 3477 1806 3518 unam
1818 3476 1877 3518 esse
1893 3461 1938 3518 do·

294 3547 404 3622 pellere,
426 3563 457 3603 aa
473 3547 501 3603 in
521 3563 596 3603 asans
616 3547 728 3619 patriam
747 3546 877 3602 remittere
902 3546 1035 3618 paruisset.
1056 3544 1096 3603 ita
1147 3563 1250 3606 munna
1266 3548 1382 3605 liarimo
1394 3548 1509 3607 disisam
1521 3550 1615 3609 dicere
1628 3553 1754 3612 divinare
1767 3565 1818 3613 est.
1831 3557 1858 3614 Si
1871 3558 1936 3614 enim

294 3658 329 3700 ιι
345 3642 405 3714 ipso
418 3642 450 3699 u.
462 3640 599 3698 Ambrosii
612 3648 686 3697 textu
701 3638 825 3710 prestari
839 3637 890 3695 viri
904 3647 1097 3711 argumentan-
1146 3656 1274 3713 reponas,
1288 3642 1361 3699 nulia
1373 3658 1442 3715 opus
1453 3641 1539 3701 inisse
1552 3643 1600 3702 lite
1612 3646 1646 3702 ad
1658 3647 1855 3708 obstruendam
1867 3664 1937 3707 muro

295 3745 348 3794 tur.
363 3736 392 3794 Si
406 3751 473 3793 nero
485 3733 611 3793 eumdem
625 3742 730 3792 textum
745 3732 779 3790 ad
793 3747 907 3790 examen
922 3747 1095 3801 revocemus,
1146 3734 1267 3804 aditum,
1282 3736 1304 3793 si
1319 3736 1380 3794 ιιι
1399 3735 1516 3795 inissent
1537 3738 1634 3797 dumus
1654 3756 1720 3803 cnm
1739 3743 1865 3801 liaximus
1881 3758 1937 3816 pro·

293 3845 349 3888 non
363 3828 558 3903 depchasdam
568 3828 642 3883 benis
652 3827 796 3885 hienimum
807 3825 909 3897 jndicio
921 3840 983 3884 cum
994 3825 1095 3884 iudicia
1146 3827 1206 3899 prio
1226 3828 1342 3886 arbitrio
1362 3828 1390 3886 id
1412 3829 1503 3888 iacere
1523 3832 1667 3902 potuisset.
1688 3834 1727 3891 At
1746 3835 1809 3909 qaid
1830 3837 1852 3893 si
1874 3835 1937 3893 iortc

293 3919 477 3990 contendisse,
493 3935 581 3994 neque
594 3919 689 3977 cadem
708 3920 791 3976 luisse
810 3918 1096 4002 domum,'interjccto
1145 3923 1287 3979 attentarit
1300 3922 1410 3990 iacere,
1426 3933 1502 3981 etex
1521 3938 1650 3995 suorum,
1670 3937 1697 3985 ct
1713 3929 1820 3987 indicite
1832 3928 1938 3987 inmitia·

293 4029 373 4073 muro
387 4014 422 4072 ab
434 4012 530 4071 eodem
543 4011 662 4070 linximo
674 4010 783 4069 indiciae
798 4020 914 4082 cognato
926 4010 1041 4067 disisam
1056 4010 1096 4065 ia·
1144 4013 1214 4069 riuru
1240 4014 1413 4084 resistentia,
1437 4032 1488 4087 qna
1508 4016 1627 4090 iurgium
1648 4021 1683 4077 ab
1708 4021 1851 4080 Ambrosio
1869 4037 1936 4078 corn·

292 4107 345 4165 cilo
358 4106 569 4179 comperiemus.
585 4104 721 4177 integrum
737 4103 769 4160 b.
785 4102 921 4161 uurbrostt
936 4111 1039 4161 textum
1054 4101 1095 4158 ai·
1144 4116 1325 4163 memoratum
1338 4117 1428 4163 ortum
1443 4107 1528 4167 luisse
1541 4110 1660 4177 uidetur,
1676 4113 1713 4170 ad
1731 4115 1831 4187 iudicia
1848 4115 1936 4171 corrin-

293 4201 424 4260 iemmus.
446 4198 483 4256 Te
502 4200 582 4255 orirer
595 4196 758 4272 Frateriira
779 4197 939 4254 burbrosios
957 4196 1094 4270 Syagrio)
1143 4215 1210 4271 gere
1230 4215 1343 4258 neeesse
1362 4200 1465 4259 fueriti
1486 4202 1515 4261 Si
1538 4220 1606 4262 uero
1628 4203 1687 4264 hare
1709 4223 1764 4267 non
1787 4210 1935 4280 probemur,

214 4317 223 4332 ·
292 4295 337 4367 pai
352 4302 486 4365 tantopere
496 4290 621 4363 defendas
635 4288 781 4347 baaimam
796 4305 848 4345 ιιι
862 4288 942 4360 fuisse
961 4298 1093 4344 accusato
1144 4292 1277 4349 minusca
1292 4292 1430 4364 probanda
1444 4296 1680 4367 essedicendum,
1693 4315 1757 4372 ιιιι
1771 4301 1937 4359 nullotestns

292 4400 362 4454 resa,
382 4385 427 4441 sed
446 4383 559 4456 parareris
580 4381 671 4438 dolere
682 4380 796 4438 doluisse
809 4380 932 4437 insidiam
947 4381 1033 4452 sparsi
1047 4397 1093 4436 ras·
1142 4382 1324 4454 adstipulante
1343 4385 1472 4459 suffragio
1491 4390 1643 4462 excogitata
1664 4403 1835 4463 premuntur.
1856 4391 1935 4449 bitem

293 4476 388 4540 moria,
409 4492 468 4532 eum
486 4474 531 4531 iiie
543 4492 571 4532 se
584 4474 735 4544 inimicum,
751 4483 775 4530 er
788 4473 965 4531 aduersariam
977 4474 1092 4548 litigato-
1141 4477 1231 4549 jurgio
1250 4487 1371 4536 exortam
1391 4483 1523 4553 proposito
1539 4484 1596 4555 ianr
1616 4486 1713 4558 tarpio,
1734 4495 1763 4545 et
1780 4488 1936 4560 prohibitura

291 4586 347 4626 rem
360 4569 494 4642 proposito
501 4570 559 4642 jam
567 4567 657 4642 jurgio
671 4584 765 4640 negare
779 4583 830 4623 aon
844 4570 954 4640 potuerit
967 4567 1089 4624 adsmrm
1101 4547 1129 4609 D
1142 4580 1245 4627 tantum
1260 4570 1367 4629 indiciae
1385 4589 1524 4631 accessum
1537 4574 1679 4650 interjecto
1694 4581 1818 4637 mamad
1833 4593 1935 4636 uxorem

291 4679 391 4721 sacram
410 4662 533 4738 uirginem
553 4661 657 4735 judicia
676 4661 854 4730 attentavisse,
875 4676 999 4732 morcone
1011 4662 1092 4715 inrer-
1142 4664 1252 4733 dicere,
1275 4666 1348 4722 nulla
1371 4665 1406 4724 de
1427 4683 1458 4725 re
1475 4668 1602 4726 familiari
1623 4673 1763 4731 mentione
1781 4674 1866 4741 lacta,
1886 4686 1935 4727 non

289 4758 358 4829 jecto
379 4754 502 4810 discretas
525 4748 593 4809 redes
614 4754 703 4808 acoris
724 4768 788 4819 aare,
808 4761 833 4807 et
858 4752 965 4822 uirginis
985 4751 1093 4809 disisam
1142 4756 1240 4825 ciuile,
1256 4757 1304 4814 sed
1323 4758 1395 4829 quod
1410 4761 1513 4818 crimen
1528 4776 1725 4834 concernerct,
1748 4766 1875 4838 judiciam
1898 4764 1937 4820 in·

290 4847 466 4918 germanitatis
478 4845 547 4901 inter
557 4859 659 4900 sorores
673 4843 835 4910 societatem,
850 4844 953 4914 alianae
967 4844 1033 4914 proh
1046 4846 1093 4901 da-
1143 4846 1225 4906 dicat.
1248 4850 1337 4906 Paruit
1356 4867 1473 4926 namque
1492 4855 1640 4926 hierimot,
1668 4858 1715 4930 qui
1735 4860 1821 4931 stupri
1840 4857 1935 4915 iaeirrns

292 4938 354 4996 ter!
372 4949 396 4994 cr
413 4937 483 5010 qaod
504 4934 587 5008 i'irpa
602 4937 629 4991 in
647 4951 711 5009 agra
729 4935 859 5007 affinitatis
878 4951 934 4992 ιιι
954 4938 1093 5010 refregisset
1143 4940 1253 4999 indiciae
1272 4944 1402 5017 impegit,
1416 4951 1444 5003 et
1464 4945 1527 5005 iusti
1543 4950 1668 5008 timorem
1687 4951 1826 5009 insinuare
1840 4949 1933 5022 indici,

291 5031 459 5087 consortium.
475 5026 647 5085 inimicitiam
674 5025 784 5082 iiaxhni
812 5026 909 5099 probat
931 5042 964 5085 ex
987 5027 1090 5101 jurgio.
1145 5043 1175 5090 ut
1186 5034 1344 5093 obstruendi
1358 5036 1479 5110 aditum,
1492 5051 1552 5112 pust
1565 5043 1714 5114 prestitum
1727 5039 1933 5103 eonsensumis·

291 5122 423 5196 proposito
443 5124 501 5196 jorn
518 5121 627 5196 jurgio,
651 5127 679 5178 et
700 5118 799 5188 diuisa,
813 5122 1090 5195 urorapaaiaterjeate,
1144 5125 1232 5183 cultus
1245 5127 1451 5188 concederetur,

289 5213 423 5271 societate
445 5214 512 5270 inter
548 5228 666 5282 sorores,
691 5221 721 5272 et
741 5211 943 5273 cohabitatione
967 5215 1093 5272 discretas
1180 5219 1250 5289 Quid
1262 5235 1327 5279 sero
1339 5223 1459 5297 scirpum
1475 5225 1501 5281 in
1513 5226 1586 5283 nodo
1596 5227 1765 5299 querimus?
1781 5225 1871 5284 Fuerit
1884 5222 1930 5278 lle·

289 5307 368 5365 mdes.
384 5304 414 5365 Si
432 5304 468 5363 de
487 5304 568 5363 bonis
585 5305 658 5364 eisiii
677 5305 781 5379 judicio
793 5315 882 5365 actum
897 5317 988 5374 esset,
1002 5307 1092 5364 inimi·
1144 5315 1270 5371 ronenais
1283 5313 1395 5373 iudicia.
1410 5316 1482 5385 Quid
1497 5318 1583 5376 iudei
1604 5318 1674 5377 llum
1689 5336 1723 5377 ex
1735 5334 1770 5377 eo
1784 5318 1874 5375 zenon
1891 5312 1931 5385 qui

289 5400 382 5458 citiam
397 5409 510 5472 propter
523 5398 684 5455 intentatam
698 5397 772 5455 litem
787 5400 903 5470 probaro
916 5415 972 5456 non
987 5399 1092 5472 potuis·
1145 5404 1171 5462 ei
1186 5405 1339 5475 benedixit,
1365 5423 1481 5482 eamque
1503 5412 1682 5469 sanetideasit
1700 5412 1844 5484 episcopas
1864 5403 1931 5463 taitl

290 5501 334 5551 set
347 5493 519 5549 Ambrosius.
534 5489 585 5550 lus
599 5491 700 5548 etenim
715 5504 795 5548 suom
808 5491 881 5548 cirili
900 5493 1009 5550 actione
1029 5508 1093 5565 pro-
1146 5496 1188 5554 Nil
1202 5498 1300 5557 minus.
1317 5499 1485 5568 Benedictio,
1497 5510 1525 5560 et
1538 5504 1718 5562 sauertueatie
1742 5503 1875 5560 azeoom
1894 5497 1932 5553 ln

290 5586 368 5659 sequi
384 5584 519 5644 intensum
532 5584 671 5652 animum,
687 5584 842 5668 seuyodinm
861 5587 972 5645 minime
992 5591 1090 5662 arguit
1143 5590 1223 5650 dictae
1234 5591 1384 5665 impertita,
1400 5608 1454 5652 non
1465 5594 1515 5652 init
1530 5598 1661 5654 solemnis
1687 5595 1811 5667 ejusdem
1829 5586 1928 5663 virginis

291 5679 327 5738 ht
340 5694 373 5738 ιι
388 5695 422 5738 eo
436 5679 577 5737 inimicum
592 5677 763 5736 demonstrat
774 5677 931 5744 blaximum,
947 5680 1091 5752 quodcum
1143 5687 1323 5752 consecratio,
1336 5686 1408 5757 quod
1419 5696 1449 5743 nt
1463 5688 1604 5747 euidenter
1617 5696 1759 5762 appareat,
1772 5678 1928 5745 observanda

291 5773 392 5833 indicia
417 5774 493 5848 uirgo
513 5772 647 5850 propositi
663 5784 742 5833 tenax
754 5772 958 5835 saecularibus
972 5789 1096 5837 contem
1142 5779 1278 5839 Ambrosii
1291 5780 1373 5840 serta
1386 5788 1449 5840 sunt
1462 5800 1470 5841 ι
1484 5780 1604 5842 Parttam
1629 5782 1744 5844 Zenonis
1766 5780 1866 5840 Sancte
1878 5786 1927 5830 me·
