4142 6175
265 319 333 377 tsot
730 311 845 369 GESTA
863 308 1092 367 COLLA'l'lONlS
1108 308 1419 367 Cdll'l'lldGlNENSlS.
1842 306 1907 364 llil

268 429 388 503 probare
400 441 469 499 opos
481 436 534 496 est,
546 438 600 483 non
612 425 725 497 jactare.
751 424 785 480 lit
797 426 851 481 olin
864 440 953 480 runnu.
979 425 1064 481 itero·
1077 428 1102 488 Α
1116 425 1293 497 populorum,
1305 426 1387 483 etiam
1400 434 1493 481 nostra
1506 424 1661 492 clementia,
1680 423 1748 479 sicut
1762 422 1905 490 desiderat,

266 526 358 594 gnovt.
1116 515 1233 572 celerius
1252 516 1340 589 possit
1353 529 1510 588 agnoscere.
1536 514 1613 583 Quod
1635 513 1658 569 si
1679 513 1748 569 intra
1761 513 1910 583 prestitum

308 615 354 670 25.
378 609 549 667 Marcellinus
571 611 611 666 uir
633 610 793 668 uensstnnn
814 611 931 667 tubanus
946 619 971 667 et
991 619 1065 667 rrotn-
1116 618 1225 681 tempus
1239 607 1359 665 studiose
1371 608 1572 665 Donatistarum
1585 605 1707 677 episcopi
1720 604 1912 662 declinaverint

269 709 324 763 rius
346 706 423 761 dicit.
448 704 506 761 tlon
525 711 701 774 utrarumque
717 704 832 774 partium
856 702 998 760 condictus
1021 703 1064 758 in·
1117 700 1277 767 consentire,
1299 700 1362 756 trini
1378 700 1460 757 edicti
1479 700 1667 758 evocationem
1681 698 1808 754 volumus
1823 708 1912 754 custo·

267 799 367 856 reniet.
390 796 426 853 Et
446 798 552 873 adjecit.
581 796 730 868 imperialis
744 798 848 854 sanctio
864 796 971 854 interim
995 795 1066 854 relo-
1116 793 1186 859 diri;
1201 794 1236 850 ita
1249 794 1493 852 ctvinenisdiebus
1506 798 1532 851 in
1545 794 1704 851 evocatione
1714 793 1912 849 contumacium

267 899 355 963 gatur.
1117 893 1238 955 tempora
1260 887 1455 943 concludantur
1470 904 1477 940 z
1493 886 1589 958 quibus
1603 886 1816 957 emensisatque
1830 893 1914 941 trans·

264 974 269 985 '
302 980 349 1037 bl.
375 980 508 1037 Martialis
533 989 652 1050 receptor
667 981 791 1036 recitent.
806 970 986 1051 Imperatores
1007 978 1066 1036 eo·
1117 976 1195 1039 actis.
1212 977 1235 1032 si
1249 978 1386 1048 provocati
1400 978 1495 1034 adesse
1519 978 1741 1048 contempserint,
1761 975 1914 1032 sedatorum

268 1087 343 1129 sares
363 1074 448 1129 Flavii
465 1072 600 1128 lionorius
614 1081 642 1129 et
653 1072 825 1129 Theodosius
836 1073 883 1144 pii,
897 1072 999 1141 letires,
1011 1073 1067 1128 vic·
1118 1068 1246 1126 Ecclesiis
1260 1070 1393 1141 populos,
1411 1073 1456 1142 qui
1477 1069 1602 1126 doctores
1615 1084 1679 1125 suos
1692 1070 1802 1126 silentio
1814 1083 1914 1139 cogno·

268 1174 343 1221 tores
357 1180 390 1221 ac
401 1164 619 1235 triumphatores,
636 1179 745 1233 seniper
755 1164 878 1234 Augusti,
891 1164 984 1220 Flavio
995 1163 1066 1220 liar·
1118 1164 1198 1231 verit,
1222 1172 1375 1235 superatos,
1399 1172 1427 1220 et
1442 1164 1540 1220 victum
1553 1178 1584 1219 se
1597 1162 1742 1233 aliquando
1752 1160 1914 1232 gratuletur,

257 1242 370 1315 'cettiuo
381 1274 431 1315 suo
445 1258 571 1314 salntem.
583 1255 618 1313 Et
633 1274 693 1313 cnm
706 1260 833 1314 recitaret.
1120 1257 1242 1329 sciatque
1252 1259 1276 1313 si
1287 1274 1341 1314 nnn
1355 1258 1495 1327 praecptis
1508 1256 1619 1323 nostris,
1634 1256 1678 1312 rel
1693 1254 1838 1312 eatirolicae
1851 1252 1917 1326 tegis

306 1350 352 1405 ab.
380 1350 526 1405 Petiticnur
550 1352 684 1421 emnopur
706 1349 781 1405 elain
809 1350 917 1406 'terrori
946 1365 990 1406 rue
1016 1349 1069 1406 lm·
1120 1351 1192 1406 reris
1204 1351 1327 1421 imperiis
1346 1350 1529 1407 serviendum.
1551 1349 1599 1406 Cui
1613 1346 1722 1418 quidem
1740 1345 1916 1419 disputationi

272 1450 381 1514 perator
409 1442 513 1506 voluit,
542 1455 597 1497 uon
629 1441 738 1508 occidi,
767 1458 820 1499 non
851 1444 1068 1514 persecutionem
1121 1444 1242 1516 principe
1263 1443 1324 1500 loco
1343 1453 1369 1500 tc
1387 1442 1506 1515 jndicem
1528 1442 1653 1498 volumus
1675 1441 1796 1498 residere
1825 1438 1915 1513 (qnid-

271 1531 346 1603 pati,
373 1548 427 1588 non
455 1533 595 1605 pertrairi,
619 1546 674 1589 non
697 1534 818 1606 spoliari.
844 1533 879 1589 Et
900 1536 954 1590 nitu
978 1550 1067 1590 nrnnn.
1120 1536 1186 1609 quid
1206 1538 1287 1593 etiam
1303 1545 1365 1592 aute
1388 1536 1415 1591 in
1435 1535 1568 1591 nrandatis
1587 1534 1735 1606 acceperis,
1761 1532 1915 1605 plenissime

273 1626 421 1683 Petilianus
439 1625 584 1698 episcopus
597 1628 673 1683 salva
684 1626 867 1699 appellatione
883 1638 977 1684 nostra
990 1642 1070 1684 reco-
1121 1629 1464 1704 meministi);omnemque
1477 1629 1518 1685 vel
1527 1632 1552 1683 tn
1563 1624 1760 1699 congregandis
1770 1624 1916 1697 episcopis,

271 1718 362 1789 gunni.
1121 1724 1164 1780 vel
1178 1723 1324 1780 evocandis
1336 1723 1359 1778 si
1374 1723 1470 1778 adosm
1483 1720 1707 1792 contempserint,
1723 1734 1818 1774 coram
1834 1727 1861 1773 te
1875 1732 1918 1770 vo·

307 1808 353 1865 2⁶·
379 1809 488 1881 Militi
517 1810 651 1883 ‘titvlvm
677 1808 803 1866 Είθῑθΰὶω
827 1809 959 1866 ttifitlt'soe
992 1812 1067 1867 uttotn
1086 1817 1212 1877 Blumus
1227 1817 1372 1883 sustinere,
1386 1826 1453 1873 utet
1466 1831 1568 1887 monae
1582 1825 1645 1871 ante
1665 1813 1792 1869 mandata
1808 1819 1920 1875 sunt,et

274 1902 351 1972 Quod
361 1903 478 1974 amplius
492 1910 544 1972 est,
559 1917 610 1960 nec
626 1903 734 1960 territus
746 1917 787 1960 es.
803 1900 837 1959 lit
848 1903 902 1959 clin
916 1919 1005 1960 manu.
1022 1903 1072 1962 lle·
1123 1928 1184 1983 quise
1199 1927 1269 1966 nunc
1290 1920 1390 1966 statuta
1406 1910 1566 1981 cognoscis,
1580 1908 1690 1980 probata
1705 1905 1796 1978 possis
1810 1905 1919 1976 impiere

273 1998 398 2068 ⁰⁰l¹¹⁰l5·
1124 2004 1254 2067 solertia;
1269 2002 1296 2059 id
1317 2011 1380 2058 ante
1392 2003 1482 2058 omitia
1496 2008 1662 2067 servaturus,
1683 2008 1714 2056 ut
1730 2013 1763 2055 ea
1779 1997 1919 2067 quocirca

310 2089 356 2145 27.
373 2088 517 2146 Petilinuus
527 2092 1070 2165 epirmpnsdinit.'Laudasticonstantiam
1124 2094 1287 2153 catltolicam
1300 2094 1387 2167 legem
1408 2093 1451 2149 vel
1472 2094 1537 2149 olim
1552 2091 1688 2149 ordinavit
1701 2092 1868 2162 continuitas,
1881 2088 1920 2145 rel

274 2183 354 2237 bona
375 2179 452 2249 tidei,
475 2190 502 2237 et
525 2196 597 2238 rora
618 2183 760 2239 catholicae
782 2183 943 2255 discipline.
963 2182 998 2238 Et
1019 2186 1073 2241 utin
1125 2194 1270 2258 parentum
1293 2195 1447 2241 nostrorum
1461 2184 1747 2255 suctortrosrotiigtosa
1771 2182 1919 2244 corrstituit,

275 2289 366 2328 monn.
382 2271 543 2342 (Postumus
552 2273 708 2347 episcopus)
719 2274 794 2333 salva
809 2276 989 2347 appellatione
1000 2290 1074 2332 reeo
1124 2281 1166 2336 vet
1180 2288 1274 2335 nostra
1296 2278 1429 2336 serenitas
1451 2279 1598 2344 roboravit,
1622 2277 1730 2333 novella
1750 2274 1919 2347 subreptione
1949 2287 1951 2290 ·

276 2366 367 2437 8¹¹⁰l5·
1124 2371 1261 2441 submota,
1276 2372 1380 2441 integra
1394 2379 1423 2427 et
1444 2370 1572 2429 inviolata
1584 2368 1730 2426 custodias.
1747 2368 1785 2426 lit
1797 2382 1863 2424 sane
1876 2365 1921 2421 ad·

311 2456 358 2513 28.
370 2457 479 2529 Alypius
492 2457 632 2532 suscepto
644 2458 769 2515 Ecclesiae
783 2461 917 2516 corbolien·
926 2461 1002 2517 dicit.
1017 2459 1074 2517 Neo
1125 2464 1252 2520 minicula
1263 2464 1444 2534 competentia
1455 2461 1728 2519 actibustnisdeesse
1740 2461 1917 2533 nonpossint,

277 2554 385 2611 territus
400 2569 441 2621 es,
456 2562 487 2610 ut
496 2553 599 2612 dietum
610 2563 662 2621 eat,
674 2570 725 2612 trec
734 2554 858 2611 timuisti.
870 2552 906 2608 Et
918 2556 972 2610 utic
983 2570 1073 2611 nocuo.
1127 2557 1198 2612 viros
1211 2556 1374 2627 spectabiles
1397 2556 1585 2627 proconsulem
1605 2564 1687 2624 atque
1701 2554 1833 2610 ricarium
1854 2566 1922 2609 scre·

277 2647 443 2719 Recognovi.
1126 2648 1199 2705 nitas
1220 2658 1313 2705 nostra
1326 2649 1504 2717 commonuit,
1528 2655 1557 2703 ut
1575 2648 1598 2702 si
1622 2647 1794 2718 propriarum
1813 2645 1923 2717 dignita·

311 2740 357 2797 29.
375 2739 507 2796 lierticlis
528 2750 648 2811 emptor
668 2740 745 2797 dicit.
769 2740 841 2797 lnter
860 2740 966 2812 imperii
989 2741 1074 2798 nostri
1127 2749 1183 2796 tum
1199 2750 1298 2798 statum
1315 2742 1428 2812 cupiunt
1440 2742 1579 2806 retinere,
1599 2739 1623 2797 si
1637 2738 1837 2811 apparitionem
1851 2753 1922 2795 suam

277 2833 413 2889 maximas
425 2845 516 2900 curas,
527 2831 670 2889 catholicae
683 2832 751 2904 legis
763 2833 914 2888 reverentia
926 2839 974 2888 aut
988 2832 1075 2904 prima
1126 2844 1247 2891 extrema
1258 2834 1397 2891 declinare
1418 2834 1560 2906 supplicia,
1576 2843 1630 2890 tam
1646 2849 1679 2889 ex
1701 2832 1817 2903 propriis
1829 2831 1922 2888 oidoiis

276 2939 386 2996 semper
396 2923 509 2980 autsola
518 2934 570 2980 est.
580 2922 674 2996 Neque
685 2924 758 2981 enim
771 2923 843 2980 alind
858 2932 905 2980 aut
917 2923 984 2981 belli
997 2924 1074 2980 labo·
1127 2941 1207 2999 qrram
1222 2942 1255 2983 ex
1269 2928 1390 2983 omnium
1403 2925 1523 2997 judicum
1535 2925 1703 2997 apparitione
1713 2924 1820 2980 attonde
1832 2936 1921 2980 omes

276 3019 353 3074 ribus
365 3019 480 3090 agiutus,
504 3028 552 3074 aut
573 3018 644 3090 pacis
658 3017 778 3075 consiliis
792 3017 960 3082 ordinamus,
976 3016 1027 3072 nisi
1047 3023 1076 3072 ut
1127 3019 1215 3075 sarios
1230 3018 1330 3075 iaciant
1339 3019 1473 3090 deputari.
1490 3016 1548 3073 Erit
1560 3016 1615 3086 jam
1626 3015 1816 3074 sollicitudinis
1825 3024 1890 3081 tua,
1899 3011 1921 3069 si

277 3125 373 3167 verum
393 3110 441 3165 liei
460 3110 563 3167 ocultum
578 3109 652 3167 orbis
666 3111 750 3167 nostri
772 3109 850 3180 plebs
868 3110 966 3166 devota
986 3118 1077 3166 custo-
1128 3113 1192 3186 quid
1208 3115 1260 3171 ulla
1273 3113 1432 3185 cognoveris
1444 3122 1503 3168 arte
1515 3110 1630 3177 dillerri,
1645 3111 1737 3167 nrissis
1750 3108 1922 3166 relationibus

276 3201 350 3270 diat;
365 3209 393 3258 ot
403 3203 484 3259 etiam
496 3201 650 3259 donatistas
664 3203 707 3259 vel
719 3212 822 3260 terrore
836 3202 878 3258 vol
892 3201 996 3258 ntorritu
1011 3202 1076 3257 olim
1089 3209 1112 3272 c
1129 3202 1265 3272 indicare,
1293 3215 1323 3260 ut
1352 3205 1520 3276 negligentes
1545 3202 1641 3274 panim
1667 3201 1749 3272 digua
1777 3202 1921 3273 correptio.

276 3296 333 3365 jam
347 3293 461 3364 implere
475 3295 718 3367 conversanum
734 3293 863 3363 siricam,
878 3294 930 3351 boc
942 3304 986 3351 est
997 3295 1074 3364 regui
1127 3297 1223 3352 Ouinia
1243 3310 1309 3352 sane
1322 3310 1383 3366 qna
1401 3295 1443 3350 vel
1459 3294 1487 3349 in
1508 3309 1589 3348 unum
1604 3292 1739 3364 episeopis
1757 3293 1923 3365 oonrgrogatis

278 3389 364 3444 nostri
379 3389 523 3444 maximam
535 3398 690 3460 partem,ct
702 3388 879 3446 sacularibus
892 3388 990 3445 oldciis
1010 3388 1076 3446 ilde·
1127 3390 1274 3461 disputatio
1302 3388 1437 3459 completa
1461 3387 1630 3452 limaverit,
1662 3385 1707 3442 rei
1734 3386 1922 3443 desistentibus

276 3478 339 3534 liter
353 3478 527 3547 servientem,
552 3494 621 3535 vano
636 3494 731 3535 errore
752 3490 780 3535 ct
793 3479 963 3535 dissensione
982 3493 1076 3549 super·
1128 3483 1196 3538 lorte
1209 3482 1335 3537 statuerit
1346 3481 1601 3537 circaeoutnmaces
1611 3480 1664 3535 lata
1678 3478 1826 3545 seutemia,
1841 3489 1870 3534 te
1882 3492 1921 3533 re·

278 3568 332 3624 ilua
353 3567 520 3624 decolorant.
545 3568 600 3625 Nos
616 3578 704 3625 tames
718 3568 813 3625 eadem
834 3569 1000 3640 trenueutios
1021 3584 1075 3627 non
1127 3574 1199 3630 lorre
1222 3574 1375 3641 conveniet,
1391 3583 1420 3628 ut
1441 3572 1513 3644 quod
1534 3571 1568 3629 ad
1592 3571 1803 3628 confirmandam
1826 3569 1923 3627 Catio·

280 3661 355 3731 piget
368 3660 574 3731 explicarequae
585 3661 706 3717 omnium
718 3669 793 3718 retro
804 3661 957 3734 Principum
978 3661 1076 3719 devota
1129 3665 1209 3721 licam
1234 3665 1314 3722 idem
1340 3666 1484 3737 preceptio
1507 3675 1599 3721 nostra
1623 3663 1785 3735 profecerit,
1809 3665 1922 3722 cotenus

280 3752 308 3806 iu
323 3753 407 3809 usum
421 3752 542 3810 delinivit
555 3753 719 3820 auctoritas,
734 3768 769 3812 ne
783 3754 951 3826 temporibus
964 3756 1076 3823 ansuis,
1128 3755 1264 3829 possimus
1276 3770 1432 3829 agnoscere.
1457 3755 1494 3812 lit
1506 3757 1594 3811 dicinn
1615 3772 1704 3812 nanu.
1721 3756 1800 3825 Vale,
1812 3755 1924 3814 llarcel·

280 3846 381 3917 siquid
402 3848 472 3903 torte
485 3848 511 3902 in
527 3847 653 3919 injmiam
668 3848 735 3919 legis
747 3848 888 3904 catholica
902 3848 983 3906 luerit
995 3864 1076 3922 gene·
1129 3850 1194 3916 line,
1205 3849 1367 3907 charissime
1376 3848 1463 3906 nobis.
1472 3849 1568 3906 batum
1580 3849 1666 3920 pridie
1676 3849 1923 3907 idos0etobrith·

279 3949 378 4005 ratum,
393 3938 466 4007 insto
478 3937 581 4008 judicio
591 3938 643 3993 boo
656 3939 733 3994 nobis
745 3940 830 4008 possit
839 3939 973 4009 imputare
987 3950 1077 4010 poste-
1128 3958 1233 3999 veruna.

278 4029 354 4084 ritas.
377 4027 432 4084 lieo
455 4042 522 4085 sane
537 4027 602 4082 latet
626 4028 818 4083 corrsoientiam
843 4039 963 4083 nostram
986 4042 1077 4084 sermo
1164 4033 1208 4090 tto.
1233 4033 1378 4091 Petiltcncr
1392 4034 1617 4106 emsecpcrdiait.
1642 4034 1797 4091 bonatistas
1812 4047 1921 4105 nosap

278 4119 399 4178 coelestis
421 4120 542 4186 oraculi,
565 4133 645 4191 quern
667 4121 753 4175 crrori
779 4134 829 4175 suo
844 4134 924 4191 posse
945 4121 1078 4190 prolicere
1129 4124 1549 4195 pellendosessecrednnt,cunr
1563 4128 1586 4183 si
1599 4127 1739 4184 nominum
1752 4136 1920 4200 paternorum

279 4229 367 4271 senna
391 4213 591 4269 Donatistarum
618 4212 806 4283 interpretatio
830 4212 973 4284 proiitetur
997 4232 1003 4268 :
1029 4214 1077 4286 qui
1128 4218 1199 4275 ratio
1220 4217 1345 4283 vertitur,
1375 4229 1403 4276 et
1417 4235 1467 4293 ogo
1491 4234 1539 4276 eos
1553 4220 1787 4290 dicerepossnm,
1803 4221 1857 4277 imo
1879 4235 1922 4291 pa·

278 4309 401 4380 quamvis
425 4306 587 4377 depravatos
599 4306 704 4362 animus
717 4305 751 4362 ad
771 4306 968 4364 correctionem
984 4308 1077 4365 mitius
1129 4310 1182 4365 lam
1202 4320 1349 4381 apermnue
1365 4309 1478 4383 designo
1503 4310 1680 4367 Mensuristas
1703 4321 1732 4368 et
1751 4312 1916 4369 Caecilianis·

278 4402 414 4464 invitaret,
429 4399 533 4455 aboleri
552 4414 614 4455 euru
629 4407 719 4455 omen
738 4405 802 4455 ente
816 4399 955 4471 iussimus,
970 4415 1005 4457 ne
1024 4416 1076 4471 qua
1129 4413 1170 4459 tas
1180 4417 1252 4471 esse,
1268 4402 1377 4461 eosdem
1399 4405 1543 4461 traditores
1557 4413 1586 4461 et
1599 4414 1790 4476 persecutores
1804 4414 1918 4462 nostros·

191 4542 205 4564 ,
278 4479 516 4561 superstitionibus
535 4498 710 4560 praestaretur
729 4490 847 4546 occasio.
874 4490 951 4547 Nunc
968 4505 1077 4563 qnoqm
1128 4495 1164 4552 Et
1178 4497 1232 4553 elic
1253 4515 1341 4554 nrcnn,
1366 4497 1514 4554 Petilianns
1534 4497 1677 4570 episcopus
1697 4499 1842 4571 recognovi
1865 4499 1922 4555 sinc

278 4581 475 4642 excludendam
488 4582 691 4653 subreptionem
717 4581 799 4638 simili
812 4582 972 4640 auctoritate
982 4590 1116 4652 conse-D
1130 4588 1288 4659 preciudicio
1300 4588 1489 4659 appellationis
1502 4600 1616 4645 nostrae.

279 4694 353 4743 mus;
368 4677 488 4748 illudque
501 4679 598 4733 merito
609 4676 767 4749 profitemur
784 4677 901 4734 libenter
911 4692 961 4732 nos
973 4692 1004 4733 ea
1015 4691 1077 4748 qnae
1163 4678 1208 4736 bl.
1235 4679 1382 4736 Vincentius
1405 4681 1539 4754 episcopus
1560 4679 1686 4738 cateno
1700 4681 1836 4739 cotlrolicoe
1846 4682 1920 4738 ιιίτίι.

194 4811 199 4818 ‚
279 4778 379 4826 statma
390 4769 496 4826 lucrant
507 4769 682 4836 submovere,
695 4783 729 4824 ne
745 4768 771 4825 in
785 4767 904 4824 divinum
915 4769 1015 4823 cottum
1027 4783 1077 4824 no·
1128 4774 1162 4830 Ει
1187 4773 1240 4831 boc
1262 4789 1373 4831 recusas
1391 4774 1464 4845 quod
1485 4775 1513 4829 in
1536 4773 1727 4846 proiectorum
1747 4777 1849 4847 jndicio
1875 4789 1922 4848 pro

277 4858 320 4915 bis
342 4876 371 4916 se
391 4867 532 4932 qnisquam
553 4860 708 4918 auctoribus
723 4859 839 4916 aestimet
858 4875 938 4929 posse
951 4875 1074 4932 peccare.
1128 4877 1192 4924 voto
1221 4868 1380 4939 complexus
1403 4869 1453 4925 est
1477 4867 1511 4922 lit
1525 4871 1678 4926 attentans.
1693 4869 1856 4941 Recoguori.

277 4951 311 5009 Et
321 4953 444 5024 quamvis
457 4969 509 5010 una
532 4955 567 5011 sit
579 4954 700 5011 omnium
722 4963 750 5010 et
768 4951 908 5009 manifesta
928 4957 1075 5022 senterrtia,
1164 4961 1210 5019 52.
1224 4959 1367 5015 l'etiticncr
1379 4961 1513 5032 apin-opus
1523 4961 1598 5017 dicit.
1612 4960 1669 5017 Nee
1678 4977 1751 5019 utine
1764 4963 1855 5020 abacto
1864 4976 1921 5020 esse

256 5044 419 5102 'catholica
442 5046 510 5118 legis
533 5047 641 5120 plenam
663 5046 806 5103 ceritatem
837 5055 912 5103 recto
936 5048 1074 5104 bominum
1127 5052 1193 5108 milri
1208 5051 1358 5121 principem
1380 5050 1506 5109 noluisse
1521 5053 1683 5110 beatissimae
1697 5065 1853 5126 sanctaque
1866 5059 1920 5112 rne-

277 5139 351 5198 coltu
363 5146 392 5194 et
401 5138 506 5196 coeiemi
516 5141 650 5199 sententia
661 5141 873 5209 comprobatam,
887 5141 976 5198 studio
983 5151 1075 5199 tamon
1126 5143 1221 5200 noris
1234 5143 1368 5202 Βοιιιιιιιιιι
1392 5144 1473 5216 buius
1488 5144 1604 5202 civitatis
1624 5149 1794 5219 episcopum,
1810 5148 1920 5221 ejusque

278 5231 353 5304 pacis
365 5240 393 5287 et
406 5230 509 5301 gratiae,
525 5232 720 5289 venerabiiium
734 5231 854 5288 virorum
878 5231 1072 5303 Episcopornm
1126 5246 1199 5293 murm
1214 5240 1309 5295 nterita
1323 5238 1458 5306 llornisse,
1473 5247 1504 5295 nt
1517 5249 1546 5295 et
1568 5240 1642 5296 illius
1665 5244 1796 5315 temporis
1809 5243 1919 5314 gloriam

278 5325 440 5395 legationem
453 5322 568 5379 'licebitl’
591 5324 762 5390 admisimus·
776 5340 837 5395 ΨΜ
846 5327 1004 5396 0⁰ugregari
1019 5325 1072 5381 llo-
1127 5339 1248 5389 vetustas
1273 5332 1341 5403 ipsa.
1355 5330 1456 5386 Etcum
1467 5331 1562 5386 diceret
1573 5347 1584 5398 ,·
1596 5330 1644 5406 (Et
1655 5333 1804 5388 manneus.
1816 5333 1920 5391 Petilia·

277 5418 390 5474 natistas
401 5416 544 5486 episcopos
563 5415 598 5471 ati
622 5425 722 5473 emtum
737 5417 1073 5476 celeberrimaedesiderat
1127 5439 1178 5480 nus
1204 5426 1349 5497 episeopus
1372 5424 1538 5496 recognovi,
1574 5425 1649 5481 salvo
1672 5425 1861 5497 appellationis
1883 5424 1919 5484 el-

277 5509 402 5572 ciritatis,
416 5517 446 5564 ut
459 5508 536 5563 lectis
549 5508 630 5562 etiarn
644 5510 833 5566 sacerdotibus
846 5523 913 5580 qnos
927 5524 990 5579 pars
1000 5519 1073 5566 ntra·
1124 5514 1222 5589 lectu.)
1627 5513 1628 5518 ’

277 5615 329 5668 que
339 5599 479 5671 delegerit,
492 5597 589 5655 ltabitis
600 5597 839 5669 disputationibus,
853 5600 1073 5671 superstitionem
1161 5607 1207 5662 33.
1234 5606 1344 5680 Alypius
1373 5608 1509 5679 episcopus
1538 5606 1662 5666 Ecclerioe
1684 5609 1820 5665 cntlolieoe
1846 5611 1917 5668 dicit.

276 5691 347 5783 rado
370 5693 511 5750 manifesta
529 5694 660 5749 coniuret.
683 5690 769 5761 Quam
792 5708 849 5749 rem
875 5692 944 5749 intra
958 5701 1074 5765 quatitur
1127 5699 1259 5755 bannens
1287 5715 1386 5755 ruorncn
1407 5699 1519 5767 Donati,
1542 5711 1569 5756 et
1593 5700 1721 5770 deinceps
1747 5714 1802 5756 non
1831 5700 1917 5774 appel·

280 5781 285 5782 ⁷
381 5801 383 5807 ⁸
405 5789 579 5861 precipimus
590 5787 731 5861 explicari,
755 5794 784 5841 ut
805 5800 952 5846 moversos
966 5791 1073 5851 animos
1126 5792 1242 5852 labimus
1255 5793 1316 5851 iilos
1330 5794 1497 5853 donatistas.
1520 5791 1556 5850 Et
1569 5795 1622 5850 aba
1641 5811 1731 5852 nanc.
1751 5793 1913 5866 Recogoovi.
