<?xml version="1.0" encoding="UTF-8"?>
<!DOCTYPE html PUBLIC "-//W3C//DTD XHTML 1.0 Transitional//EN"
    "http://www.w3.org/TR/xhtml1/DTD/xhtml1-transitional.dtd">
<html xmlns="http://www.w3.org/1999/xhtml" xml:lang="en" lang="en">
 <head>
  <title>
</title>
<meta http-equiv="Content-Type" content="text/html;charset=utf-8" />
  <meta name='ocr-system' content='tesseract 3.04.00' />
  <meta name='ocr-capabilities' content='ocr_page ocr_carea ocr_par ocr_line ocrx_word'/>
</head>
<body>
  <div class='ocr_page' id='page_1' title='image "./patrologiaecurs185unkngoog_0461.png"; bbox 0 0 4142 6175; ppageno 0'>
   <div class='ocr_carea' id='block_1_1' title="bbox 166 335 220 391">
    <p class='ocr_par' dir='ltr' id='par_1_1' title="bbox 166 335 220 391">
     <span class='ocr_line' id='line_1_1' title="bbox 166 335 220 391; baseline 0 0"><span class='ocrx_word' id='word_1_1' title='bbox 166 335 220 391; x_wconf 72' lang='lat' dir='ltr'>tls</span> 
     </span>
    </p>
   </div>
   <div class='ocr_carea' id='block_1_2' title="bbox 571 333 1402 395">
    <p class='ocr_par' dir='ltr' id='par_1_2' title="bbox 571 333 1402 395">
     <span class='ocr_line' id='line_1_2' title="bbox 571 333 1402 395; baseline 0.002 -4"><span class='ocrx_word' id='word_1_2' title='bbox 571 334 615 392; x_wconf 77' lang='lat' dir='ltr'>os</span> <span class='ocrx_word' id='word_1_3' title='bbox 633 334 831 395; x_wconf 75' lang='lat' dir='ltr'>SCHISMATE</span> <span class='ocrx_word' id='word_1_4' title='bbox 850 333 1121 394; x_wconf 79' lang='lat' dir='ltr'>nobartsrantttt</span> <span class='ocrx_word' id='word_1_5' title='bbox 1141 334 1243 393; x_wconf 79' lang='lat' dir='ltr'>traso</span> <span class='ocrx_word' id='word_1_6' title='bbox 1264 335 1402 394; x_wconf 79' lang='lat' dir='ltr'><strong>PRIMUS.</strong></span> 
     </span>
    </p>
   </div>
   <div class='ocr_carea' id='block_1_3' title="bbox 1764 336 1819 394">
    <p class='ocr_par' dir='ltr' id='par_1_3' title="bbox 1764 336 1819 394">
     <span class='ocr_line' id='line_1_3' title="bbox 1764 336 1819 394; baseline 0.036 -2"><span class='ocrx_word' id='word_1_7' title='bbox 1764 336 1819 394; x_wconf 82' lang='lat' dir='ltr'>alt</span> 
     </span>
    </p>
   </div>
   <div class='ocr_carea' id='block_1_4' title="bbox 168 447 1816 531">
    <p class='ocr_par' dir='ltr' id='par_1_4' title="bbox 168 447 1816 531">
     <span class='ocr_line' id='line_1_4' title="bbox 168 447 1816 531; baseline 0.001 -25"><span class='ocrx_word' id='word_1_8' title='bbox 168 448 286 526; x_wconf 73' lang='lat'><strong>15(65)</strong></span> <span class='ocrx_word' id='word_1_9' title='bbox 298 447 456 507; x_wconf 88' lang='lat' dir='ltr'>Nundinarii</span> <span class='ocrx_word' id='word_1_10' title='bbox 474 459 537 507; x_wconf 85' lang='lat' dir='ltr'>triac</span> <span class='ocrx_word' id='word_1_11' title='bbox 549 450 658 509; x_wconf 91' lang='lat' dir='ltr'>diaconi</span> <span class='ocrx_word' id='word_1_12' title='bbox 670 453 859 520; x_wconf 87' lang='lat' dir='ltr'>testantur,&#39;et</span> <span class='ocrx_word' id='word_1_13' title='bbox 869 462 964 509; x_wconf 85' lang='lat' dir='ltr'>retus·</span> <span class='ocrx_word' id='word_1_14' title='bbox 977 464 1005 527; x_wconf 64' lang='grc' dir='ltr'><strong>Α</strong></span> <span class='ocrx_word' id='word_1_15' title='bbox 1017 454 1213 531; x_wconf 86' lang='lat' dir='ltr'>increparetur,</span> <span class='ocrx_word' id='word_1_16' title='bbox 1223 454 1294 526; x_wconf 84' lang='lat' dir='ltr'>qarod</span> <span class='ocrx_word' id='word_1_17' title='bbox 1304 462 1331 510; x_wconf 90' lang='lat' dir='ltr'>et</span> <span class='ocrx_word' id='word_1_18' title='bbox 1342 454 1400 526; x_wconf 79' lang='lat' dir='ltr'>ipse</span> <span class='ocrx_word' id='word_1_19' title='bbox 1411 452 1457 510; x_wconf 86' lang='lat' dir='ltr'>dia</span> <span class='ocrx_word' id='word_1_20' title='bbox 1468 451 1606 525; x_wconf 73' lang='lat' dir='ltr'>speltae)</span> <span class='ocrx_word' id='word_1_21' title='bbox 1618 452 1816 510; x_wconf 63' lang='lat' dir='ltr'>stationarios)</span> 
     </span>
    </p>
   </div>
   <div class='ocr_carea' id='block_1_5' title="bbox 163 544 966 987">
    <p class='ocr_par' dir='ltr' id='par_1_5' title="bbox 163 544 966 987">
     <span class='ocr_line' id='line_1_5' title="bbox 164 544 963 617; baseline 0.003 -19"><span class='ocrx_word' id='word_1_22' title='bbox 164 552 207 598; x_wconf 77' lang='lat' dir='ltr'>bas</span> <span class='ocrx_word' id='word_1_23' title='bbox 219 546 438 599; x_wconf 82' lang='lat' dir='ltr'>arrcrrrbranorom</span> <span class='ocrx_word' id='word_1_24' title='bbox 455 544 637 599; x_wconf 88' lang='lat' dir='ltr'>testimoniam</span> <span class='ocrx_word' id='word_1_25' title='bbox 651 545 785 617; x_wconf 88' lang='lat' dir='ltr'>perbibet,</span> <span class='ocrx_word' id='word_1_26' title='bbox 802 560 869 615; x_wconf 84' lang='lat' dir='ltr'>quas</span> <span class='ocrx_word' id='word_1_27' title='bbox 885 544 963 600; x_wconf 89' lang='lat' dir='ltr'>dubi·</span> 
     </span>
     <span class='ocr_line' id='line_1_6' title="bbox 164 635 965 709; baseline 0.004 -19"><span class='ocrx_word' id='word_1_28' title='bbox 164 636 286 693; x_wconf 90' lang='lat' dir='ltr'>tautibus</span> <span class='ocrx_word' id='word_1_29' title='bbox 299 635 421 706; x_wconf 88' lang='lat' dir='ltr'>prolerre</span> <span class='ocrx_word' id='word_1_30' title='bbox 436 636 595 706; x_wconf 77' lang='lat' dir='ltr'><strong>poterimus.</strong></span> <span class='ocrx_word' id='word_1_31' title='bbox 613 636 838 709; x_wconf 82' lang='lat' dir='ltr'>llaromnamque</span> <span class='ocrx_word' id='word_1_32' title='bbox 850 638 965 704; x_wconf 88' lang='lat' dir='ltr'>plenitu-</span> 
     </span>
     <span class='ocr_line' id='line_1_7' title="bbox 163 729 963 802; baseline 0 -16"><span class='ocrx_word' id='word_1_33' title='bbox 163 730 255 786; x_wconf 90' lang='lat' dir='ltr'>diuem</span> <span class='ocrx_word' id='word_1_34' title='bbox 265 738 382 797; x_wconf 66' lang='lat' dir='ltr'>rerumt,</span> <span class='ocrx_word' id='word_1_35' title='bbox 392 730 418 785; x_wconf 91' lang='lat' dir='ltr'>ia</span> <span class='ocrx_word' id='word_1_36' title='bbox 431 729 577 785; x_wconf 84' lang='lat' dir='ltr'>novissima</span> <span class='ocrx_word' id='word_1_37' title='bbox 588 744 664 802; x_wconf 90' lang='lat' dir='ltr'>parte</span> <span class='ocrx_word' id='word_1_38' title='bbox 675 731 788 787; x_wconf 91' lang='lat' dir='ltr'>istorum</span> <span class='ocrx_word' id='word_1_39' title='bbox 799 731 963 798; x_wconf 72' lang='lat' dir='ltr'>libellorum,</span> 
     </span>
     <span class='ocr_line' id='line_1_8' title="bbox 164 821 961 898; baseline 0.004 -20"><span class='ocrx_word' id='word_1_40' title='bbox 164 822 199 879; x_wconf 87' lang='lat' dir='ltr'>ad</span> <span class='ocrx_word' id='word_1_41' title='bbox 216 821 381 893; x_wconf 75' lang='lat' dir='ltr'>implendam</span> <span class='ocrx_word' id='word_1_42' title='bbox 398 822 668 893; x_wconf 81' lang='lat' dir='ltr'>hdemadjooximus.</span> <span class='ocrx_word' id='word_1_43' title='bbox 681 822 961 898; x_wconf 82' lang='lat' dir='ltr'>lliepiscopi,(dl)in·</span> 
     </span>
     <span class='ocr_line' id='line_1_9' title="bbox 163 912 966 987; baseline 0.004 -18"><span class='ocrx_word' id='word_1_44' title='bbox 163 922 322 985; x_wconf 75' lang='lat' dir='ltr'>terrossante</span> <span class='ocrx_word' id='word_1_45' title='bbox 346 912 474 971; x_wconf 86' lang='lat' dir='ltr'>Secundo</span> <span class='ocrx_word' id='word_1_46' title='bbox 487 913 636 986; x_wconf 78' lang='lat' dir='ltr'>Tigisitaoo</span> <span class='ocrx_word' id='word_1_47' title='bbox 651 914 725 987; x_wconf 84' lang='grc'>(66),</span> <span class='ocrx_word' id='word_1_48' title='bbox 739 914 882 973; x_wconf 86' lang='lat' dir='ltr'>tradidisse</span> <span class='ocrx_word' id='word_1_49' title='bbox 899 932 966 973; x_wconf 93' lang='lat' dir='ltr'>con·</span> 
     </span>
    </p>
   </div>
   <div class='ocr_carea' id='block_1_6' title="bbox 1017 547 1885 989">
    <p class='ocr_par' dir='ltr' id='par_1_6' title="bbox 1017 547 1885 989">
     <span class='ocr_line' id='line_1_10' title="bbox 1017 547 1820 621; baseline -0.004 -17"><span class='ocrx_word' id='word_1_50' title='bbox 1017 548 1109 615; x_wconf 87' lang='lat' dir='ltr'>fuerit,</span> <span class='ocrx_word' id='word_1_51' title='bbox 1123 557 1151 604; x_wconf 91' lang='lat' dir='ltr'>et</span> <span class='ocrx_word' id='word_1_52' title='bbox 1170 564 1225 604; x_wconf 92' lang='lat' dir='ltr'>noo</span> <span class='ocrx_word' id='word_1_53' title='bbox 1246 548 1368 621; x_wconf 77' lang='lat' dir='ltr'>fregerit,</span> <span class='ocrx_word' id='word_1_54' title='bbox 1391 548 1440 604; x_wconf 90' lang='lat' dir='ltr'>sed</span> <span class='ocrx_word' id='word_1_55' title='bbox 1457 547 1587 605; x_wconf 89' lang='lat' dir='ltr'>dimissus</span> <span class='ocrx_word' id='word_1_56' title='bbox 1604 548 1662 613; x_wconf 68' lang='lat' dir='ltr'>site</span> <span class='ocrx_word' id='word_1_57' title='bbox 1682 564 1737 603; x_wconf 90' lang='lat' dir='ltr'>non</span> <span class='ocrx_word' id='word_1_58' title='bbox 1758 548 1820 604; x_wconf 89' lang='lat' dir='ltr'>sine</span> 
     </span>
     <span class='ocr_line' id='line_1_11' title="bbox 1017 640 1885 714; baseline -0.006 -17"><span class='ocrx_word' id='word_1_59' title='bbox 1017 656 1098 697; x_wconf 73' lang='lat' dir='ltr'>causa</span> <span class='ocrx_word' id='word_1_60' title='bbox 1109 641 1253 698; x_wconf 88' lang='lat' dir='ltr'>dimissum</span> <span class='ocrx_word' id='word_1_61' title='bbox 1266 643 1360 708; x_wconf 87' lang='lat' dir='ltr'>foisse,</span> <span class='ocrx_word' id='word_1_62' title='bbox 1376 642 1428 697; x_wconf 82' lang='lat' dir='ltr'>nisi</span> <span class='ocrx_word' id='word_1_63' title='bbox 1437 643 1497 714; x_wconf 83' lang='lat' dir='ltr'>outa</span> <span class='ocrx_word' id='word_1_64' title='bbox 1509 640 1673 697; x_wconf 73' lang='lat' dir='ltr'>tradiderat:</span> <span class='ocrx_word' id='word_1_65' title='bbox 1690 640 1748 714; x_wconf 88' lang='lat'><strong>(68)</strong></span> <span class='ocrx_word' id='word_1_66' title='bbox 1761 642 1819 710; x_wconf 84' lang='lat' dir='ltr'>jam</span> <span class='ocrx_word' id='word_1_67' title='bbox 1883 688 1885 692; x_wconf 76' lang='grc'><strong>,</strong></span> 
     </span>
     <span class='ocr_line' id='line_1_12' title="bbox 1018 731 1818 807; baseline 0.001 -19"><span class='ocrx_word' id='word_1_68' title='bbox 1018 747 1114 789; x_wconf 88' lang='lat' dir='ltr'>omnes</span> <span class='ocrx_word' id='word_1_69' title='bbox 1126 733 1236 788; x_wconf 82' lang='lat' dir='ltr'>erectic</span> <span class='ocrx_word' id='word_1_70' title='bbox 1253 732 1313 807; x_wconf 87' lang='grc'>(69)</span> <span class='ocrx_word' id='word_1_71' title='bbox 1330 742 1471 803; x_wconf 85' lang='lat' dir='ltr'>coeperaat</span> <span class='ocrx_word' id='word_1_72' title='bbox 1489 747 1668 787; x_wconf 82' lang='lat' dir='ltr'>murmurare.</span> <span class='ocrx_word' id='word_1_73' title='bbox 1695 731 1818 801; x_wconf 81' lang='lat' dir='ltr'>Quorum</span> 
     </span>
     <span class='ocr_line' id='line_1_13' title="bbox 1018 824 1819 894; baseline 0.002 -16"><span class='ocrx_word' id='word_1_74' title='bbox 1018 824 1142 893; x_wconf 88' lang='lat' dir='ltr'>spiritum</span> <span class='ocrx_word' id='word_1_75' title='bbox 1154 824 1295 880; x_wconf 77' lang='lat' dir='ltr'>Secundus</span> <span class='ocrx_word' id='word_1_76' title='bbox 1308 835 1442 892; x_wconf 85' lang='lat' dir='ltr'>metucns,</span> <span class='ocrx_word' id='word_1_77' title='bbox 1459 824 1604 878; x_wconf 90' lang='lat' dir='ltr'>consilium</span> <span class='ocrx_word' id='word_1_78' title='bbox 1614 827 1745 894; x_wconf 82' lang='lat' dir='ltr'>accepite</span> <span class='ocrx_word' id='word_1_79' title='bbox 1760 825 1819 880; x_wconf 89' lang='lat' dir='ltr'>filio</span> 
     </span>
     <span class='ocr_line' id='line_1_14' title="bbox 1017 913 1818 989; baseline 0.002 -18"><span class='ocrx_word' id='word_1_80' title='bbox 1017 913 1109 971; x_wconf 88' lang='lat' dir='ltr'>fratris</span> <span class='ocrx_word' id='word_1_81' title='bbox 1127 917 1167 970; x_wconf 88' lang='lat' dir='ltr'>sui</span> <span class='ocrx_word' id='word_1_82' title='bbox 1189 915 1315 972; x_wconf 90' lang='lat' dir='ltr'>Secunda</span> <span class='ocrx_word' id='word_1_83' title='bbox 1337 915 1458 984; x_wconf 85' lang='lat' dir='ltr'>oriaore,</span> <span class='ocrx_word' id='word_1_84' title='bbox 1480 913 1579 989; x_wconf 87' lang='lat' dir='ltr'>ut(id)</span> <span class='ocrx_word' id='word_1_85' title='bbox 1604 916 1685 972; x_wconf 90' lang='lat' dir='ltr'>talem</span> <span class='ocrx_word' id='word_1_86' title='bbox 1707 930 1818 973; x_wconf 89' lang='lat' dir='ltr'>causam</span> 
     </span>
    </p>
   </div>
   <div class='ocr_carea' id='block_1_7' title="bbox 164 1001 1820 1101">
    <p class='ocr_par' dir='ltr' id='par_1_7' title="bbox 164 1001 1820 1101">
     <span class='ocr_line' id='line_1_15' title="bbox 164 1001 1820 1101; baseline 0.004 -40"><span class='ocrx_word' id='word_1_87' title='bbox 164 1005 230 1063; x_wconf 88' lang='lat' dir='ltr'>fessi</span> <span class='ocrx_word' id='word_1_88' title='bbox 246 1015 309 1062; x_wconf 88' lang='lat' dir='ltr'>suot</span> <span class='ocrx_word' id='word_1_89' title='bbox 324 1001 396 1078; x_wconf 85' lang='grc'>(66).</span> <span class='ocrx_word' id='word_1_90' title='bbox 415 1005 522 1062; x_wconf 80' lang='lat' dir='ltr'>Etcum</span> <span class='ocrx_word' id='word_1_91' title='bbox 543 1006 601 1078; x_wconf 90' lang='lat' dir='ltr'>ipse</span> <span class='ocrx_word' id='word_1_92' title='bbox 627 1006 770 1063; x_wconf 80' lang='lat' dir='ltr'>Secundus</span> <span class='ocrx_word' id='word_1_93' title='bbox 793 1021 808 1062; x_wconf 90' lang='lat' dir='ltr'>a</span> <span class='ocrx_word' id='word_1_94' title='bbox 830 1007 965 1078; x_wconf 89' lang='lat' dir='ltr'>Purpurio</span> <span class='ocrx_word' id='word_1_95' title='bbox 1020 1009 1209 1067; x_wconf 84' lang='lat' dir='ltr'>Deoserraret</span> <span class='ocrx_word' id='word_1_96' title='bbox 1222 1008 1292 1082; x_wconf 82' lang='lat' dir='ltr'>(il).</span> <span class='ocrx_word' id='word_1_97' title='bbox 1306 1008 1429 1093; x_wconf 76' lang='lat' dir='ltr'>Consulti</span> <span class='ocrx_word' id='word_1_98' title='bbox 1449 1017 1514 1065; x_wconf 90' lang='lat' dir='ltr'>sunt</span> <span class='ocrx_word' id='word_1_99' title='bbox 1531 1007 1590 1083; x_wconf 74' lang='lat'><strong>(72)</strong></span> <span class='ocrx_word' id='word_1_100' title='bbox 1610 1011 1658 1081; x_wconf 85' lang='lat' dir='ltr'>qui</span> <span class='ocrx_word' id='word_1_101' title='bbox 1679 1024 1820 1101; x_wconf 85' lang='lat' dir='ltr'>remanse-</span> 
     </span>
    </p>
   </div>
   <div class='ocr_carea' id='block_1_8' title="bbox 748 1124 1182 1186">
    <p class='ocr_par' dir='ltr' id='par_1_8' title="bbox 748 1124 1182 1186">
     <span class='ocr_line' id='line_1_16' title="bbox 748 1124 1182 1186; baseline 0 -3"><span class='ocrx_word' id='word_1_102' title='bbox 748 1124 940 1186; x_wconf 74' lang='lat' dir='ltr'>boemones</span> <span class='ocrx_word' id='word_1_103' title='bbox 970 1127 1182 1186; x_wconf 78' lang='lat' dir='ltr'>VthhNTES.</span> 
     </span>
    </p>
   </div>
   <div class='ocr_carea' id='block_1_9' title="bbox 1015 1217 1821 1335">
    <p class='ocr_par' dir='ltr' id='par_1_9' title="bbox 1015 1217 1821 1335">
     <span class='ocr_line' id='line_1_17' title="bbox 1015 1217 1821 1335; baseline -0.001 -62"><span class='ocrx_word' id='word_1_104' title='bbox 1015 1221 1122 1335; x_wconf 45' lang='grc' dir='ltr'>(61))ιείιῖὲιξ8</span> <span class='ocrx_word' id='word_1_105' title='bbox 1123 1229 1150 1335; x_wconf 56' lang='grc' dir='ltr'>ἧι</span> <span class='ocrx_word' id='word_1_106' title='bbox 1161 1222 1187 1271; x_wconf 92' lang='lat' dir='ltr'>in</span> <span class='ocrx_word' id='word_1_107' title='bbox 1197 1221 1270 1272; x_wconf 87' lang='lat' dir='ltr'>editis</span> <span class='ocrx_word' id='word_1_108' title='bbox 1280 1232 1412 1286; x_wconf 87' lang='lat' dir='ltr'>perperam</span> <span class='ocrx_word' id='word_1_109' title='bbox 1422 1220 1521 1273; x_wconf 88' lang='lat' dir='ltr'>omnino</span> <span class='ocrx_word' id='word_1_110' title='bbox 1532 1217 1657 1282; x_wconf 76' lang='lat' dir='ltr'>heretici,</span> <span class='ocrx_word' id='word_1_111' title='bbox 1673 1220 1739 1285; x_wconf 81' lang='lat' dir='ltr'>qaod</span> <span class='ocrx_word' id='word_1_112' title='bbox 1749 1221 1821 1272; x_wconf 88' lang='lat' dir='ltr'>criti-</span> 
     </span>
    </p>
   </div>
   <div class='ocr_carea' id='block_1_10' title="bbox 193 1219 964 1400">
    <p class='ocr_par' dir='ltr' id='par_1_10' title="bbox 193 1219 964 1400">
     <span class='ocr_line' id='line_1_18' title="bbox 193 1219 497 1322; baseline 0.007 -51"><span class='ocrx_word' id='word_1_113' title='bbox 193 1220 210 1322; x_wconf 59' lang='lat'>:</span> <span class='ocrx_word' id='word_1_114' title='bbox 227 1220 306 1272; x_wconf 78' lang='lat' dir='ltr'>Deest</span> <span class='ocrx_word' id='word_1_115' title='bbox 317 1222 342 1271; x_wconf 92' lang='lat' dir='ltr'>in</span> <span class='ocrx_word' id='word_1_116' title='bbox 354 1233 412 1271; x_wconf 85' lang='lat' dir='ltr'>mss.</span> <span class='ocrx_word' id='word_1_117' title='bbox 424 1219 497 1292; x_wconf 55' lang='lat'>⁸2⁶·</span> 
     </span>
     <span class='ocr_line' id='line_1_19' title="bbox 196 1281 964 1400; baseline 0.005 -4"><span class='ocrx_word' id='word_1_118' title='bbox 196 1348 208 1379; x_wconf 75' lang='lat'><em>⁶</em></span> <span class='ocrx_word' id='word_1_119' title='bbox 225 1281 638 1399; x_wconf 49' lang='lat' dir='ltr'>ffassessess&#39;cffdamwmm</span> <span class='ocrx_word' id='word_1_120' title='bbox 647 1347 726 1399; x_wconf 87' lang='lat' dir='ltr'>eodlci</span> <span class='ocrx_word' id='word_1_121' title='bbox 736 1346 764 1399; x_wconf 87' lang='lat' dir='ltr'>S.</span> <span class='ocrx_word' id='word_1_122' title='bbox 775 1345 807 1400; x_wconf 83' lang='grc'>6.</span> <span class='ocrx_word' id='word_1_123' title='bbox 818 1347 848 1399; x_wconf 87' lang='lat' dir='ltr'>in</span> <span class='ocrx_word' id='word_1_124' title='bbox 859 1346 964 1400; x_wconf 82' lang='lat' dir='ltr'>aliisae·</span> 
     </span>
    </p>
   </div>
   <div class='ocr_carea' id='block_1_11' title="bbox 846 1453 1165 1516">
    <p class='ocr_par' dir='ltr' id='par_1_11' title="bbox 846 1453 1165 1516">
     <span class='ocr_line' id='line_1_20' title="bbox 846 1453 1165 1516; baseline 0.013 -4"><span class='ocrx_word' id='word_1_125' title='bbox 846 1453 1029 1514; x_wconf 70' lang='lat' dir='ltr'>VthOIlUbl</span> <span class='ocrx_word' id='word_1_126' title='bbox 1048 1454 1165 1516; x_wconf 82' lang='lat' dir='ltr'>NOTAE.</span> 
     </span>
    </p>
   </div>
   <div class='ocr_carea' id='block_1_12' title="bbox 163 1543 1821 1920">
    <p class='ocr_par' dir='ltr' id='par_1_12' title="bbox 163 1543 1821 1920">
     <span class='ocr_line' id='line_1_21' title="bbox 163 1543 1817 1624; baseline 0.007 -23"><span class='ocrx_word' id='word_1_127' title='bbox 163 1544 328 1601; x_wconf 81' lang='lat' dir='ltr'>Diocletiano</span> <span class='ocrx_word' id='word_1_128' title='bbox 346 1546 444 1615; x_wconf 85' lang='lat' dir='ltr'>nmier,</span> <span class='ocrx_word' id='word_1_129' title='bbox 467 1555 491 1601; x_wconf 90' lang='lat' dir='ltr'>et</span> <span class='ocrx_word' id='word_1_130' title='bbox 514 1543 677 1603; x_wconf 83' lang='lat' dir='ltr'>dlocimimm</span> <span class='ocrx_word' id='word_1_131' title='bbox 699 1548 778 1603; x_wconf 82' lang='lat' dir='ltr'>octies</span> <span class='ocrx_word' id='word_1_132' title='bbox 796 1547 883 1619; x_wconf 87' lang='lat' dir='ltr'>pridie</span> <span class='ocrx_word' id='word_1_133' title='bbox 905 1547 964 1604; x_wconf 86' lang='lat' dir='ltr'>idae</span> <span class='ocrx_word' id='word_1_134' title='bbox 1015 1559 1166 1613; x_wconf 80' lang='lat' dir='ltr'>cesserant,</span> <span class='ocrx_word' id='word_1_135' title='bbox 1181 1550 1215 1606; x_wconf 90' lang='lat' dir='ltr'>de</span> <span class='ocrx_word' id='word_1_136' title='bbox 1230 1551 1295 1623; x_wconf 88' lang='lat' dir='ltr'>ipsis</span> <span class='ocrx_word' id='word_1_137' title='bbox 1309 1562 1438 1624; x_wconf 83' lang='lat' dir='ltr'>tanquam</span> <span class='ocrx_word' id='word_1_138' title='bbox 1457 1552 1513 1623; x_wconf 86' lang='lat' dir='ltr'>jam</span> <span class='ocrx_word' id='word_1_139' title='bbox 1538 1553 1610 1610; x_wconf 90' lang='lat' dir='ltr'>notis</span> <span class='ocrx_word' id='word_1_140' title='bbox 1629 1567 1661 1609; x_wconf 90' lang='lat' dir='ltr'>ac</span> <span class='ocrx_word' id='word_1_141' title='bbox 1684 1557 1817 1614; x_wconf 79' lang='lat' dir='ltr'>convictis</span> 
     </span>
     <span class='ocr_line' id='line_1_22' title="bbox 164 1616 1817 1695; baseline 0.006 -23"><span class='ocrx_word' id='word_1_142' title='bbox 164 1616 334 1672; x_wconf 77' lang='lat' dir='ltr'>Februariae.</span> <span class='ocrx_word' id='word_1_143' title='bbox 350 1616 430 1673; x_wconf 81' lang='lat' dir='ltr'>Gesta</span> <span class='ocrx_word' id='word_1_144' title='bbox 449 1626 535 1673; x_wconf 84' lang='lat' dir='ltr'>uatem</span> <span class='ocrx_word' id='word_1_145' title='bbox 556 1619 715 1691; x_wconf 80' lang='lat' dir='ltr'>episcopatio</span> <span class='ocrx_word' id='word_1_146' title='bbox 729 1620 826 1674; x_wconf 84' lang='lat' dir='ltr'>decreti</span> <span class='ocrx_word' id='word_1_147' title='bbox 841 1616 965 1674; x_wconf 80' lang='lat' dir='ltr'>Cirtensis</span> <span class='ocrx_word' id='word_1_148' title='bbox 1017 1622 1153 1678; x_wconf 82' lang='lat' dir='ltr'>haereticis</span> <span class='ocrx_word' id='word_1_149' title='bbox 1167 1623 1286 1679; x_wconf 88' lang='lat' dir='ltr'>locutum</span> <span class='ocrx_word' id='word_1_150' title='bbox 1299 1623 1384 1681; x_wconf 88' lang='lat' dir='ltr'>luisse</span> <span class='ocrx_word' id='word_1_151' title='bbox 1399 1624 1655 1695; x_wconf 69' lang='lat' dir='ltr'>reperiremomnia</span> <span class='ocrx_word' id='word_1_152' title='bbox 1669 1627 1749 1681; x_wconf 89' lang='lat' dir='ltr'>mado</span> <span class='ocrx_word' id='word_1_153' title='bbox 1761 1629 1817 1683; x_wconf 87' lang='lat' dir='ltr'>dis-</span> 
     </span>
     <span class='ocr_line' id='line_1_23' title="bbox 163 1688 1821 1762; baseline 0.007 -20"><span class='ocrx_word' id='word_1_154' title='bbox 163 1688 385 1759; x_wconf 82' lang='lat' dir='ltr'>poateoromdem</span> <span class='ocrx_word' id='word_1_155' title='bbox 405 1691 568 1745; x_wconf 81' lang='lat' dir='ltr'>consolatum</span> <span class='ocrx_word' id='word_1_156' title='bbox 590 1690 667 1744; x_wconf 90' lang='lat' dir='ltr'>tertia</span> <span class='ocrx_word' id='word_1_157' title='bbox 689 1706 771 1745; x_wconf 79' lang='lat' dir='ltr'>nonos</span> <span class='ocrx_word' id='word_1_158' title='bbox 786 1690 910 1755; x_wconf 77' lang='lat' dir='ltr'>Martios,</span> <span class='ocrx_word' id='word_1_159' title='bbox 933 1706 965 1745; x_wconf 90' lang='lat' dir='ltr'>oc</span> <span class='ocrx_word' id='word_1_160' title='bbox 1016 1692 1138 1762; x_wconf 73' lang='lat' dir='ltr'>(lambat.</span> <span class='ocrx_word' id='word_1_161' title='bbox 1154 1706 1215 1749; x_wconf 87' lang='lat' dir='ltr'>eta</span> <span class='ocrx_word' id='word_1_162' title='bbox 1238 1694 1421 1751; x_wconf 87' lang='lat' dir='ltr'>Parmeniona</span> <span class='ocrx_word' id='word_1_163' title='bbox 1435 1695 1536 1752; x_wconf 86' lang='lat' dir='ltr'>lactum</span> <span class='ocrx_word' id='word_1_164' title='bbox 1567 1698 1744 1754; x_wconf 85' lang='lat' dir='ltr'>vehementer</span> <span class='ocrx_word' id='word_1_165' title='bbox 1767 1699 1821 1754; x_wconf 91' lang='lat' dir='ltr'>im-</span> 
     </span>
     <span class='ocr_line' id='line_1_24' title="bbox 163 1759 1819 1835; baseline 0.008 -22"><span class='ocrx_word' id='word_1_166' title='bbox 163 1775 210 1831; x_wconf 86' lang='lat' dir='ltr'>per</span> <span class='ocrx_word' id='word_1_167' title='bbox 225 1761 274 1814; x_wconf 91' lang='lat' dir='ltr'>froc</span> <span class='ocrx_word' id='word_1_168' title='bbox 295 1759 416 1815; x_wconf 76' lang='lat' dir='ltr'>tredecim</span> <span class='ocrx_word' id='word_1_169' title='bbox 436 1777 535 1817; x_wconf 78' lang='lat' dir='ltr'>mererer</span> <span class='ocrx_word' id='word_1_170' title='bbox 554 1761 679 1817; x_wconf 80' lang='lat' dir='ltr'>interesse</span> <span class='ocrx_word' id='word_1_171' title='bbox 701 1763 863 1817; x_wconf 81' lang='lat' dir='ltr'>inveniantur</span> <span class='ocrx_word' id='word_1_172' title='bbox 877 1761 965 1832; x_wconf 79' lang='lat' dir='ltr'>plores</span> <span class='ocrx_word' id='word_1_173' title='bbox 1017 1765 1166 1832; x_wconf 86' lang='lat' dir='ltr'>probabat,</span> <span class='ocrx_word' id='word_1_174' title='bbox 1192 1766 1265 1835; x_wconf 78' lang='lat' dir='ltr'>nitori</span> <span class='ocrx_word' id='word_1_175' title='bbox 1289 1767 1478 1822; x_wconf 87' lang='lat' dir='ltr'>schismaticos</span> <span class='ocrx_word' id='word_1_176' title='bbox 1503 1767 1639 1823; x_wconf 68' lang='lat' dir='ltr'>haereticis</span> <span class='ocrx_word' id='word_1_177' title='bbox 1664 1770 1819 1828; x_wconf 86' lang='lat' dir='ltr'>inconsulte</span> 
     </span>
     <span class='ocr_line' id='line_1_25' title="bbox 163 1832 1817 1920; baseline 0.008 -35"><span class='ocrx_word' id='word_1_178' title='bbox 163 1834 254 1900; x_wconf 81' lang='lat' dir='ltr'>arripare</span> <span class='ocrx_word' id='word_1_179' title='bbox 266 1848 345 1902; x_wconf 82' lang='lat' dir='ltr'>paam</span> <span class='ocrx_word' id='word_1_180' title='bbox 359 1834 488 1891; x_wconf 81' lang='lat' dir='ltr'>emerim.</span> <span class='ocrx_word' id='word_1_181' title='bbox 507 1848 571 1903; x_wconf 82' lang='lat' dir='ltr'>qooe</span> <span class='ocrx_word' id='word_1_182' title='bbox 583 1832 655 1902; x_wconf 85' lang='lat' dir='ltr'>prim</span> <span class='ocrx_word' id='word_1_183' title='bbox 669 1832 792 1887; x_wconf 71' lang='lat' dir='ltr'>catholici</span> <span class='ocrx_word' id='word_1_184' title='bbox 804 1833 889 1887; x_wconf 84' lang='lat' dir='ltr'>oriam</span> <span class='ocrx_word' id='word_1_185' title='bbox 903 1832 964 1887; x_wconf 88' lang='lat' dir='ltr'>difi-</span> <span class='ocrx_word' id='word_1_186' title='bbox 978 1860 1002 1920; x_wconf 76' lang='lat' dir='ltr'>B</span> <span class='ocrx_word' id='word_1_187' title='bbox 1017 1834 1171 1890; x_wconf 86' lang='lat' dir='ltr'>miscuisset</span> <span class='ocrx_word' id='word_1_188' title='bbox 1187 1852 1194 1902; x_wconf 85' lang='lat'>;</span> <span class='ocrx_word' id='word_1_189' title='bbox 1215 1851 1282 1903; x_wconf 78' lang='lat' dir='ltr'>arros</span> <span class='ocrx_word' id='word_1_190' title='bbox 1306 1837 1363 1905; x_wconf 76' lang='lat' dir='ltr'>ipse</span> <span class='ocrx_word' id='word_1_191' title='bbox 1384 1836 1511 1894; x_wconf 90' lang='lat' dir='ltr'>nimirum</span> <span class='ocrx_word' id='word_1_192' title='bbox 1539 1855 1637 1910; x_wconf 79' lang='lat' dir='ltr'>taragna</span> <span class='ocrx_word' id='word_1_193' title='bbox 1656 1839 1817 1898; x_wconf 80' lang='lat' dir='ltr'>discrimine</span> 
     </span>
    </p>
   </div>
   <div class='ocr_carea' id='block_1_13' title="bbox 163 1903 967 3242">
    <p class='ocr_par' dir='ltr' id='par_1_13' title="bbox 163 1903 965 2600">
     <span class='ocr_line' id='line_1_26' title="bbox 163 1903 960 1975; baseline 0.003 -18"><span class='ocrx_word' id='word_1_194' title='bbox 163 1912 252 1975; x_wconf 81' lang='lat' dir='ltr'>pentec</span> <span class='ocrx_word' id='word_1_195' title='bbox 267 1903 438 1975; x_wconf 76' lang='lat' dir='ltr'>compilando</span> <span class='ocrx_word' id='word_1_196' title='bbox 454 1905 649 1971; x_wconf 80' lang='lat' dir='ltr'>responderant,</span> <span class='ocrx_word' id='word_1_197' title='bbox 662 1903 707 1958; x_wconf 83' lang='lat' dir='ltr'>red</span> <span class='ocrx_word' id='word_1_198' title='bbox 721 1904 830 1975; x_wconf 71' lang='lat' dir='ltr'>officium</span> <span class='ocrx_word' id='word_1_199' title='bbox 843 1912 871 1957; x_wconf 91' lang='lat' dir='ltr'>at</span> <span class='ocrx_word' id='word_1_200' title='bbox 885 1904 960 1972; x_wconf 84' lang='lat' dir='ltr'>(offe-</span> 
     </span>
     <span class='ocr_line' id='line_1_27' title="bbox 164 1974 962 2046; baseline 0.003 -20"><span class='ocrx_word' id='word_1_201' title='bbox 164 1984 237 2028; x_wconf 81' lang='lat' dir='ltr'>retur</span> <span class='ocrx_word' id='word_1_202' title='bbox 249 1985 272 2030; x_wconf 91' lang='lat' dir='ltr'>et</span> <span class='ocrx_word' id='word_1_203' title='bbox 282 1990 394 2028; x_wconf 75' lang='lat' dir='ltr'>mestrem</span> <span class='ocrx_word' id='word_1_204' title='bbox 406 1974 529 2030; x_wconf 80' lang='lat' dir='ltr'>interesse</span> <span class='ocrx_word' id='word_1_205' title='bbox 542 1975 719 2046; x_wconf 72' lang='lat' dir='ltr'>responderet,</span> <span class='ocrx_word' id='word_1_206' title='bbox 735 1975 852 2030; x_wconf 82' lang='lat' dir='ltr'>cerardem</span> <span class='ocrx_word' id='word_1_207' title='bbox 868 1990 962 2028; x_wconf 84' lang='lat' dir='ltr'>correo·</span> 
     </span>
     <span class='ocr_line' id='line_1_28' title="bbox 164 2045 962 2116; baseline -0.001 -16"><span class='ocrx_word' id='word_1_208' title='bbox 164 2045 246 2100; x_wconf 85' lang='lat' dir='ltr'>fotrrra</span> <span class='ocrx_word' id='word_1_209' title='bbox 266 2047 364 2116; x_wconf 83' lang='lat' dir='ltr'>putarit</span> <span class='ocrx_word' id='word_1_210' title='bbox 379 2061 388 2100; x_wconf 92' lang='lat'><em>:</em></span> <span class='ocrx_word' id='word_1_211' title='bbox 402 2054 459 2116; x_wconf 83' lang='lat' dir='ltr'>poet</span> <span class='ocrx_word' id='word_1_212' title='bbox 482 2047 644 2101; x_wconf 81' lang='lat' dir='ltr'>canteriatam</span> <span class='ocrx_word' id='word_1_213' title='bbox 662 2057 749 2100; x_wconf 86' lang='lat' dir='ltr'>aretem</span> <span class='ocrx_word' id='word_1_214' title='bbox 767 2063 819 2099; x_wconf 90' lang='lat' dir='ltr'>non</span> <span class='ocrx_word' id='word_1_215' title='bbox 839 2046 962 2113; x_wconf 74' lang='lat' dir='ltr'>ademtis,</span> 
     </span>
     <span class='ocr_line' id='line_1_29' title="bbox 164 2116 964 2190; baseline 0.003 -20"><span class='ocrx_word' id='word_1_216' title='bbox 164 2116 208 2170; x_wconf 87' lang='lat' dir='ltr'>obi</span> <span class='ocrx_word' id='word_1_217' title='bbox 227 2132 309 2171; x_wconf 87' lang='lat' dir='ltr'>ennae</span> <span class='ocrx_word' id='word_1_218' title='bbox 326 2119 384 2190; x_wconf 77' lang='lat' dir='ltr'>jam</span> <span class='ocrx_word' id='word_1_219' title='bbox 405 2118 474 2171; x_wconf 84' lang='lat' dir='ltr'>olias</span> <span class='ocrx_word' id='word_1_220' title='bbox 493 2117 625 2188; x_wconf 78' lang='lat' dir='ltr'>aprbatar.</span> <span class='ocrx_word' id='word_1_221' title='bbox 646 2116 712 2172; x_wconf 73' lang='lat' dir='ltr'>ilaec</span> <span class='ocrx_word' id='word_1_222' title='bbox 732 2127 775 2174; x_wconf 89' lang='lat' dir='ltr'>est</span> <span class='ocrx_word' id='word_1_223' title='bbox 797 2117 879 2187; x_wconf 76' lang='lat' dir='ltr'>igitur</span> <span class='ocrx_word' id='word_1_224' title='bbox 898 2131 964 2172; x_wconf 81' lang='lat' dir='ltr'>vera</span> 
     </span>
     <span class='ocr_line' id='line_1_30' title="bbox 164 2186 964 2257; baseline 0.001 -15"><span class='ocrx_word' id='word_1_225' title='bbox 164 2187 272 2243; x_wconf 83' lang='lat' dir='ltr'>eoricilii</span> <span class='ocrx_word' id='word_1_226' title='bbox 295 2186 429 2243; x_wconf 83' lang='lat' dir='ltr'>Cirtensis</span> <span class='ocrx_word' id='word_1_227' title='bbox 450 2189 555 2256; x_wconf 89' lang='lat' dir='ltr'>epocha</span> <span class='ocrx_word' id='word_1_228' title='bbox 580 2195 642 2257; x_wconf 87' lang='lat' dir='ltr'>post</span> <span class='ocrx_word' id='word_1_229' title='bbox 660 2188 964 2244; x_wconf 81' lang='lat' dir='ltr'>consolatumltiocle-</span> 
     </span>
     <span class='ocr_line' id='line_1_31' title="bbox 166 2257 962 2326; baseline 0.001 -12"><span class='ocrx_word' id='word_1_230' title='bbox 166 2258 232 2314; x_wconf 84' lang='lat' dir='ltr'>tiarri</span> <span class='ocrx_word' id='word_1_231' title='bbox 251 2259 345 2313; x_wconf 80' lang='lat' dir='ltr'>trecies</span> <span class='ocrx_word' id='word_1_232' title='bbox 356 2269 385 2313; x_wconf 85' lang='lat' dir='ltr'>et</span> <span class='ocrx_word' id='word_1_233' title='bbox 401 2257 556 2315; x_wconf 79' lang='lat' dir='ltr'>Maximiani</span> <span class='ocrx_word' id='word_1_234' title='bbox 571 2259 669 2323; x_wconf 90' lang='lat' dir='ltr'>octies,</span> <span class='ocrx_word' id='word_1_235' title='bbox 692 2259 744 2315; x_wconf 80' lang='lat' dir='ltr'>haic</span> <span class='ocrx_word' id='word_1_236' title='bbox 758 2268 800 2315; x_wconf 89' lang='lat' dir='ltr'>est</span> <span class='ocrx_word' id='word_1_237' title='bbox 813 2274 886 2314; x_wconf 73' lang='lat' dir='ltr'>aanor</span> <span class='ocrx_word' id='word_1_238' title='bbox 898 2258 962 2326; x_wconf 79' lang='grc'>565,</span> 
     </span>
     <span class='ocr_line' id='line_1_32' title="bbox 166 2330 964 2398; baseline 0 -13"><span class='ocrx_word' id='word_1_239' title='bbox 166 2330 248 2386; x_wconf 86' lang='lat' dir='ltr'>tertio</span> <span class='ocrx_word' id='word_1_240' title='bbox 261 2344 346 2385; x_wconf 81' lang='lat' dir='ltr'>aionas</span> <span class='ocrx_word' id='word_1_241' title='bbox 360 2330 479 2385; x_wconf 81' lang='lat' dir='ltr'>Martias.</span> <span class='ocrx_word' id='word_1_242' title='bbox 503 2330 540 2386; x_wconf 82' lang='lat' dir='ltr'>lie</span> <span class='ocrx_word' id='word_1_243' title='bbox 560 2344 653 2385; x_wconf 87' lang='lat' dir='ltr'>mense</span> <span class='ocrx_word' id='word_1_244' title='bbox 668 2331 791 2387; x_wconf 87' lang='lat' dir='ltr'>constitit</span> <span class='ocrx_word' id='word_1_245' title='bbox 805 2345 915 2398; x_wconf 88' lang='lat' dir='ltr'>semper</span> <span class='ocrx_word' id='word_1_246' title='bbox 937 2330 964 2385; x_wconf 91' lang='lat' dir='ltr'>in</span> 
     </span>
     <span class='ocr_line' id='line_1_33' title="bbox 164 2399 964 2473; baseline -0.003 -17"><span class='ocrx_word' id='word_1_247' title='bbox 164 2401 324 2465; x_wconf 90' lang='lat' dir='ltr'>collatione,</span> <span class='ocrx_word' id='word_1_248' title='bbox 345 2417 407 2455; x_wconf 87' lang='lat' dir='ltr'>nom</span> <span class='ocrx_word' id='word_1_249' title='bbox 428 2411 506 2471; x_wconf 79' lang='lat' dir='ltr'>gesta</span> <span class='ocrx_word' id='word_1_250' title='bbox 530 2409 682 2473; x_wconf 77' lang='lat' dir='ltr'>martyram</span> <span class='ocrx_word' id='word_1_251' title='bbox 698 2410 778 2456; x_wconf 89' lang='lat' dir='ltr'>erant</span> <span class='ocrx_word' id='word_1_252' title='bbox 798 2401 886 2471; x_wconf 79' lang='lat' dir='ltr'>pridie</span> <span class='ocrx_word' id='word_1_253' title='bbox 902 2399 964 2455; x_wconf 89' lang='lat' dir='ltr'>idos</span> 
     </span>
     <span class='ocr_line' id='line_1_34' title="bbox 165 2471 965 2542; baseline -0.003 -14"><span class='ocrx_word' id='word_1_254' title='bbox 165 2471 318 2532; x_wconf 80' lang='lat' dir='ltr'>Februarii.</span> <span class='ocrx_word' id='word_1_255' title='bbox 333 2479 362 2527; x_wconf 93' lang='lat' dir='ltr'>et</span> <span class='ocrx_word' id='word_1_256' title='bbox 379 2487 501 2528; x_wconf 87' lang='lat' dir='ltr'>mensem</span> <span class='ocrx_word' id='word_1_257' title='bbox 514 2482 618 2527; x_wconf 80' lang='lat' dir='ltr'>matram</span> <span class='ocrx_word' id='word_1_258' title='bbox 635 2473 707 2527; x_wconf 81' lang='lat' dir='ltr'>freter</span> <span class='ocrx_word' id='word_1_259' title='bbox 725 2472 878 2542; x_wconf 80' lang='lat' dir='ltr'>passionem</span> <span class='ocrx_word' id='word_1_260' title='bbox 893 2486 965 2526; x_wconf 91' lang='lat' dir='ltr'>mar·</span> 
     </span>
     <span class='ocr_line' id='line_1_35' title="bbox 166 2542 965 2600; baseline 0.003 -4"><span class='ocrx_word' id='word_1_261' title='bbox 166 2551 176 2597; x_wconf 95' lang='lat' dir='ltr'>t</span> <span class='ocrx_word' id='word_1_262' title='bbox 198 2560 256 2597; x_wconf 90' lang='grc' dir='ltr'>ιιιιιι</span> <span class='ocrx_word' id='word_1_263' title='bbox 272 2551 300 2598; x_wconf 89' lang='lat' dir='ltr'>et</span> <span class='ocrx_word' id='word_1_264' title='bbox 311 2544 419 2600; x_wconf 89' lang='lat' dir='ltr'>concilii</span> <span class='ocrx_word' id='word_1_265' title='bbox 434 2543 506 2598; x_wconf 88' lang='lat' dir='ltr'>diem</span> <span class='ocrx_word' id='word_1_266' title='bbox 521 2544 653 2600; x_wconf 90' lang='lat' dir='ltr'>interesse</span> <span class='ocrx_word' id='word_1_267' title='bbox 666 2542 737 2598; x_wconf 80' lang='lat' dir='ltr'>dixit</span> <span class='ocrx_word' id='word_1_268' title='bbox 751 2542 884 2599; x_wconf 88' lang='lat' dir='ltr'>officium.</span> <span class='ocrx_word' id='word_1_269' title='bbox 900 2542 965 2598; x_wconf 88' lang='lat' dir='ltr'>Tre·</span> 
     </span>
    </p>

    <p class='ocr_par' dir='ltr' id='par_1_14' title="bbox 165 2613 967 3027">
     <span class='ocr_line' id='line_1_36' title="bbox 201 2613 966 2686; baseline 0.001 -17"><span class='ocrx_word' id='word_1_270' title='bbox 201 2616 254 2669; x_wconf 88' lang='lat' dir='ltr'>cim</span> <span class='ocrx_word' id='word_1_271' title='bbox 267 2629 377 2670; x_wconf 88' lang='lat' dir='ltr'>menses</span> <span class='ocrx_word' id='word_1_272' title='bbox 387 2614 544 2670; x_wconf 75' lang='lat' dir='ltr'>interfuisse</span> <span class='ocrx_word' id='word_1_273' title='bbox 554 2616 589 2669; x_wconf 91' lang='lat' dir='ltr'>ait</span> <span class='ocrx_word' id='word_1_274' title='bbox 599 2616 776 2686; x_wconf 74' lang='lat' dir='ltr'>hugtastious.</span> <span class='ocrx_word' id='word_1_275' title='bbox 789 2613 860 2684; x_wconf 75' lang='lat' dir='ltr'>Erpa</span> <span class='ocrx_word' id='word_1_276' title='bbox 872 2628 966 2670; x_wconf 89' lang='lat' dir='ltr'>mense</span> 
     </span>
     <span class='ocr_line' id='line_1_37' title="bbox 166 2685 966 2755; baseline 0 -14"><span class='ocrx_word' id='word_1_277' title='bbox 166 2686 264 2741; x_wconf 86' lang='lat' dir='ltr'>blartio</span> <span class='ocrx_word' id='word_1_278' title='bbox 284 2686 406 2743; x_wconf 88' lang='lat' dir='ltr'>hobitum</span> <span class='ocrx_word' id='word_1_279' title='bbox 426 2687 569 2741; x_wconf 89' lang='lat' dir='ltr'>constabat</span> <span class='ocrx_word' id='word_1_280' title='bbox 590 2702 643 2740; x_wconf 94' lang='lat' dir='ltr'>noo</span> <span class='ocrx_word' id='word_1_281' title='bbox 661 2685 748 2750; x_wconf 86' lang='lat' dir='ltr'>blaio;</span> <span class='ocrx_word' id='word_1_282' title='bbox 769 2685 888 2755; x_wconf 77' lang='lat' dir='ltr'>alioquin</span> <span class='ocrx_word' id='word_1_283' title='bbox 909 2692 966 2741; x_wconf 88' lang='lat' dir='ltr'>tres</span> 
     </span>
     <span class='ocr_line' id='line_1_38' title="bbox 165 2756 967 2830; baseline 0.001 -20"><span class='ocrx_word' id='word_1_284' title='bbox 165 2765 212 2811; x_wconf 85' lang='lat' dir='ltr'>arat</span> <span class='ocrx_word' id='word_1_285' title='bbox 223 2756 501 2830; x_wconf 77' lang='lat' dir='ltr'>qrtiodecimmenses</span> <span class='ocrx_word' id='word_1_286' title='bbox 520 2759 591 2812; x_wconf 91' lang='lat' dir='ltr'>inter</span> <span class='ocrx_word' id='word_1_287' title='bbox 606 2757 759 2828; x_wconf 86' lang='lat' dir='ltr'>passionem</span> <span class='ocrx_word' id='word_1_288' title='bbox 775 2766 923 2827; x_wconf 83' lang='lat' dir='ltr'>martyrum</span> <span class='ocrx_word' id='word_1_289' title='bbox 938 2764 967 2811; x_wconf 91' lang='lat' dir='ltr'>et</span> 
     </span>
     <span class='ocr_line' id='line_1_39' title="bbox 165 2827 966 2896; baseline 0.001 -14"><span class='ocrx_word' id='word_1_290' title='bbox 165 2827 274 2883; x_wconf 90' lang='lat' dir='ltr'>concilii</span> <span class='ocrx_word' id='word_1_291' title='bbox 303 2829 375 2884; x_wconf 89' lang='lat' dir='ltr'>diem</span> <span class='ocrx_word' id='word_1_292' title='bbox 398 2829 598 2884; x_wconf 76' lang='lat' dir='ltr'>interfuissent.</span> <span class='ocrx_word' id='word_1_293' title='bbox 624 2827 662 2883; x_wconf 91' lang='lat' dir='ltr'>lta</span> <span class='ocrx_word' id='word_1_294' title='bbox 693 2842 758 2896; x_wconf 72' lang='lat' dir='ltr'>erpo</span> <span class='ocrx_word' id='word_1_295' title='bbox 781 2827 966 2883; x_wconf 87' lang='lat' dir='ltr'>emendandus</span> 
     </span>
     <span class='ocr_line' id='line_1_40' title="bbox 166 2897 967 2970; baseline -0.001 -15"><span class='ocrx_word' id='word_1_296' title='bbox 166 2899 255 2970; x_wconf 83' lang='lat' dir='ltr'>Optoti</span> <span class='ocrx_word' id='word_1_297' title='bbox 276 2900 362 2964; x_wconf 81' lang='lat' dir='ltr'>locros,</span> <span class='ocrx_word' id='word_1_298' title='bbox 388 2909 416 2954; x_wconf 90' lang='lat' dir='ltr'>et</span> <span class='ocrx_word' id='word_1_299' title='bbox 436 2900 575 2969; x_wconf 86' lang='lat' dir='ltr'>protectio</span> <span class='ocrx_word' id='word_1_300' title='bbox 595 2899 687 2954; x_wconf 80' lang='lat' dir='ltr'>idaiam</span> <span class='ocrx_word' id='word_1_301' title='bbox 711 2898 853 2963; x_wconf 84' lang='lat' dir='ltr'>ltoiorom,</span> <span class='ocrx_word' id='word_1_302' title='bbox 875 2897 967 2969; x_wconf 72' lang='lat' dir='ltr'>legeo-</span> 
     </span>
     <span class='ocr_line' id='line_1_41' title="bbox 165 2969 616 3027; baseline 0.002 -1"><span class='ocrx_word' id='word_1_303' title='bbox 165 2970 229 3026; x_wconf 87' lang='lat' dir='ltr'>dam</span> <span class='ocrx_word' id='word_1_304' title='bbox 247 2986 275 3026; x_wconf 92' lang='grc' dir='ltr'>ιιι</span> <span class='ocrx_word' id='word_1_305' title='bbox 291 2987 372 3026; x_wconf 79' lang='lat' dir='ltr'>nonos</span> <span class='ocrx_word' id='word_1_306' title='bbox 387 2969 487 3025; x_wconf 73' lang='lat' dir='ltr'>Martii.</span> <span class='ocrx_word' id='word_1_307' title='bbox 506 2972 544 3026; x_wconf 86' lang='lat' dir='ltr'>lto</span> <span class='ocrx_word' id='word_1_308' title='bbox 557 2971 616 3027; x_wconf 85' lang='lat' dir='ltr'>Pan.</span> 
     </span>
    </p>

    <p class='ocr_par' dir='ltr' id='par_1_15' title="bbox 164 3040 967 3240">
     <span class='ocr_line' id='line_1_42' title="bbox 202 3040 967 3115; baseline -0.001 -16"><span class='ocrx_word' id='word_1_309' title='bbox 202 3040 261 3115; x_wconf 79' lang='lat' dir='ltr'>(bb)</span> <span class='ocrx_word' id='word_1_310' title='bbox 280 3042 449 3100; x_wconf 83' lang='lat' dir='ltr'>Noanratsn.</span> <span class='ocrx_word' id='word_1_311' title='bbox 470 3043 509 3100; x_wconf 87' lang='lat' dir='ltr'>De</span> <span class='ocrx_word' id='word_1_312' title='bbox 531 3043 583 3099; x_wconf 92' lang='lat' dir='ltr'>boc</span> <span class='ocrx_word' id='word_1_313' title='bbox 604 3041 766 3098; x_wconf 84' lang='lat' dir='ltr'>araradinario</span> <span class='ocrx_word' id='word_1_314' title='bbox 783 3041 865 3098; x_wconf 91' lang='lat' dir='ltr'>malta</span> <span class='ocrx_word' id='word_1_315' title='bbox 889 3055 967 3112; x_wconf 90' lang='lat' dir='ltr'>repe-</span> 
     </span>
     <span class='ocr_line' id='line_1_43' title="bbox 164 3114 963 3240; baseline -0.005 -68"><span class='ocrx_word' id='word_1_316' title='bbox 164 3115 274 3172; x_wconf 87' lang='lat' dir='ltr'>riuntur</span> <span class='ocrx_word' id='word_1_317' title='bbox 298 3115 325 3171; x_wconf 91' lang='lat' dir='ltr'>in</span> <span class='ocrx_word' id='word_1_318' title='bbox 345 3115 429 3188; x_wconf 73' lang='lat' dir='ltr'>gestis</span> <span class='ocrx_word' id='word_1_319' title='bbox 450 3116 620 3188; x_wconf 73' lang='lat' dir='ltr'>purgationis</span> <span class='ocrx_word' id='word_1_320' title='bbox 642 3114 780 3240; x_wconf 46' lang='lat' dir='ltr'>caeekliaoi</span> <span class='ocrx_word' id='word_1_321' title='bbox 802 3124 829 3168; x_wconf 91' lang='lat' dir='ltr'>et</span> <span class='ocrx_word' id='word_1_322' title='bbox 854 3114 963 3170; x_wconf 84' lang='lat' dir='ltr'>Felicis.</span> 
     </span>
    </p>

    <p class='ocr_par' dir='ltr' id='par_1_16' title="bbox 731 3200 821 3242">
     <span class='ocr_line' id='line_1_44' title="bbox 731 3200 821 3242; baseline -0.044 0"><span class='ocrx_word' id='word_1_323' title='bbox 731 3200 821 3242; x_wconf 83' lang='lat' dir='ltr'>cause.</span> 
     </span>
    </p>
   </div>
   <div class='ocr_carea' id='block_1_14' title="bbox 1015 1907 1820 2266">
    <p class='ocr_par' dir='ltr' id='par_1_17' title="bbox 1015 1907 1820 2266">
     <span class='ocr_line' id='line_1_45' title="bbox 1015 1907 1819 1979; baseline 0.011 -20"><span class='ocrx_word' id='word_1_324' title='bbox 1015 1907 1136 1974; x_wconf 86' lang='lat' dir='ltr'>soporari</span> <span class='ocrx_word' id='word_1_325' title='bbox 1165 1907 1280 1962; x_wconf 84' lang='lat' dir='ltr'>invicem</span> <span class='ocrx_word' id='word_1_326' title='bbox 1303 1908 1410 1973; x_wconf 88' lang='lat' dir='ltr'>statuit,</span> <span class='ocrx_word' id='word_1_327' title='bbox 1434 1924 1484 1964; x_wconf 92' lang='lat' dir='ltr'>nec</span> <span class='ocrx_word' id='word_1_328' title='bbox 1504 1910 1599 1964; x_wconf 82' lang='lat' dir='ltr'>statuit</span> <span class='ocrx_word' id='word_1_329' title='bbox 1618 1918 1745 1979; x_wconf 87' lang='lat' dir='ltr'>tantum,</span> <span class='ocrx_word' id='word_1_330' title='bbox 1770 1913 1819 1969; x_wconf 90' lang='lat' dir='ltr'>sed</span> 
     </span>
     <span class='ocr_line' id='line_1_46' title="bbox 1015 1976 1820 2053; baseline 0.011 -23"><span class='ocrx_word' id='word_1_331' title='bbox 1015 1976 1161 2031; x_wconf 86' lang='lat' dir='ltr'>discrimen</span> <span class='ocrx_word' id='word_1_332' title='bbox 1174 1979 1231 2046; x_wconf 89' lang='lat' dir='ltr'>ipse</span> <span class='ocrx_word' id='word_1_333' title='bbox 1242 1994 1295 2032; x_wconf 95' lang='lat' dir='ltr'>non</span> <span class='ocrx_word' id='word_1_334' title='bbox 1308 1980 1491 2048; x_wconf 75' lang='lat' dir='ltr'>perfunctorie</span> <span class='ocrx_word' id='word_1_335' title='bbox 1503 1979 1582 2036; x_wconf 87' lang='lat' dir='ltr'>docet</span> <span class='ocrx_word' id='word_1_336' title='bbox 1597 1982 1641 2036; x_wconf 84' lang='lat' dir='ltr'>eei</span> <span class='ocrx_word' id='word_1_337' title='bbox 1655 1983 1705 2037; x_wconf 89' lang='lat' dir='ltr'>ista</span> <span class='ocrx_word' id='word_1_338' title='bbox 1716 1997 1820 2053; x_wconf 83' lang='lat' dir='ltr'>erpen-</span> 
     </span>
     <span class='ocr_line' id='line_1_47' title="bbox 1016 2046 1818 2126; baseline 0.006 -24"><span class='ocrx_word' id='word_1_339' title='bbox 1016 2046 1116 2102; x_wconf 86' lang='lat' dir='ltr'>dantor</span> <span class='ocrx_word' id='word_1_340' title='bbox 1132 2065 1139 2102; x_wconf 90' lang='lat'>:</span> <span class='ocrx_word' id='word_1_341' title='bbox 1154 2048 1199 2102; x_wconf 83' lang='lat' dir='ltr'>red</span> <span class='ocrx_word' id='word_1_342' title='bbox 1215 2049 1295 2102; x_wconf 88' lang='lat' dir='ltr'>miror</span> <span class='ocrx_word' id='word_1_343' title='bbox 1307 2050 1377 2121; x_wconf 81' lang='lat' dir='ltr'>parad</span> <span class='ocrx_word' id='word_1_344' title='bbox 1391 2051 1437 2105; x_wconf 87' lang='lat' dir='ltr'>tibi</span> <span class='ocrx_word' id='word_1_345' title='bbox 1450 2052 1532 2105; x_wconf 83' lang='lat' dir='ltr'>ciram</span> <span class='ocrx_word' id='word_1_346' title='bbox 1546 2061 1584 2107; x_wconf 85' lang='lat' dir='ltr'>est</span> <span class='ocrx_word' id='word_1_347' title='bbox 1598 2068 1608 2105; x_wconf 91' lang='lat'>.·</span> <span class='ocrx_word' id='word_1_348' title='bbox 1620 2053 1698 2107; x_wconf 89' lang='lat' dir='ltr'>etiam</span> <span class='ocrx_word' id='word_1_349' title='bbox 1710 2067 1754 2107; x_wconf 83' lang='lat' dir='ltr'>roa</span> <span class='ocrx_word' id='word_1_350' title='bbox 1776 2054 1818 2126; x_wconf 88' lang='lat' dir='ltr'>ip·</span> 
     </span>
     <span class='ocr_line' id='line_1_48' title="bbox 1016 2116 1816 2194; baseline 0.011 -23"><span class='ocrx_word' id='word_1_351' title='bbox 1016 2134 1060 2171; x_wconf 84' lang='lat' dir='ltr'>sos</span> <span class='ocrx_word' id='word_1_352' title='bbox 1070 2116 1199 2174; x_wconf 81' lang='lat' dir='ltr'>haereticis</span> <span class='ocrx_word' id='word_1_353' title='bbox 1211 2120 1363 2193; x_wconf 74' lang='lat' dir='ltr'>odjuapere,</span> <span class='ocrx_word' id='word_1_354' title='bbox 1376 2138 1440 2189; x_wconf 80' lang='lat' dir='ltr'>qaae</span> <span class='ocrx_word' id='word_1_355' title='bbox 1449 2138 1505 2177; x_wconf 82' lang='lat' dir='ltr'>cese</span> <span class='ocrx_word' id='word_1_356' title='bbox 1519 2124 1693 2178; x_wconf 81' lang='lat' dir='ltr'>schismaticos</span> <span class='ocrx_word' id='word_1_357' title='bbox 1706 2134 1816 2194; x_wconf 79' lang='lat' dir='ltr'>constat,</span> 
     </span>
     <span class='ocr_line' id='line_1_49' title="bbox 1019 2189 1819 2266; baseline 0.009 -22"><span class='ocrx_word' id='word_1_358' title='bbox 1019 2199 1074 2245; x_wconf 88' lang='lat' dir='ltr'>etc.</span> <span class='ocrx_word' id='word_1_359' title='bbox 1087 2189 1147 2246; x_wconf 78' lang='lat' dir='ltr'>ttox</span> <span class='ocrx_word' id='word_1_360' title='bbox 1172 2192 1270 2246; x_wconf 83' lang='lat' dir='ltr'>iterum</span> <span class='ocrx_word' id='word_1_361' title='bbox 1285 2209 1292 2246; x_wconf 91' lang='lat'>:</span> <span class='ocrx_word' id='word_1_362' title='bbox 1309 2191 1380 2248; x_wconf 84' lang='lat' dir='ltr'>Satis</span> <span class='ocrx_word' id='word_1_363' title='bbox 1391 2201 1414 2247; x_wconf 93' lang='lat' dir='ltr'>te</span> <span class='ocrx_word' id='word_1_364' title='bbox 1425 2194 1516 2258; x_wconf 84' lang='lat' dir='ltr'>miror,</span> <span class='ocrx_word' id='word_1_365' title='bbox 1531 2197 1612 2264; x_wconf 77' lang='lat' dir='ltr'>(mter</span> <span class='ocrx_word' id='word_1_366' title='bbox 1635 2193 1819 2266; x_wconf 75' lang='lat' dir='ltr'>Parmenione,</span> 
     </span>
    </p>
   </div>
   <div class='ocr_carea' id='block_1_15' title="bbox 993 2260 1820 2341">
    <p class='ocr_par' dir='ltr' id='par_1_18' title="bbox 993 2260 1820 2341">
     <span class='ocr_line' id='line_1_50' title="bbox 993 2260 1820 2341; baseline 0.012 -28"><span class='ocrx_word' id='word_1_367' title='bbox 993 2298 999 2305; x_wconf 85' lang='lat'><em>-</em></span> <span class='ocrx_word' id='word_1_368' title='bbox 1019 2260 1323 2329; x_wconf 81' lang='lat' dir='ltr'>comachismoticueeie,</span> <span class='ocrx_word' id='word_1_369' title='bbox 1337 2263 1514 2319; x_wconf 83' lang='lat' dir='ltr'>schismaticos</span> <span class='ocrx_word' id='word_1_370' title='bbox 1532 2264 1660 2320; x_wconf 76' lang='lat' dir='ltr'>heretico</span> <span class='ocrx_word' id='word_1_371' title='bbox 1674 2265 1820 2341; x_wconf 64' lang='lat' dir='ltr'>odianpere</span> 
     </span>
    </p>
   </div>
   <div class='ocr_carea' id='block_1_16' title="bbox 1016 2331 1835 3259">
    <p class='ocr_par' dir='ltr' id='par_1_19' title="bbox 1016 2331 1835 3259">
     <span class='ocr_line' id='line_1_51' title="bbox 1016 2331 1821 2396; baseline 0.012 -12"><span class='ocrx_word' id='word_1_372' title='bbox 1016 2331 1139 2395; x_wconf 83' lang='lat' dir='ltr'>rofairae,</span> <span class='ocrx_word' id='word_1_373' title='bbox 1156 2342 1224 2396; x_wconf 88' lang='lat' dir='ltr'>etc..</span> <span class='ocrx_word' id='word_1_374' title='bbox 1235 2348 1267 2388; x_wconf 89' lang='lat' dir='ltr'>ac</span> <span class='ocrx_word' id='word_1_375' title='bbox 1282 2333 1522 2390; x_wconf 69' lang='lat' dir='ltr'>rursrrsrt&#39;otrtam</span> <span class='ocrx_word' id='word_1_376' title='bbox 1533 2345 1561 2391; x_wconf 88' lang='lat' dir='ltr'>ot</span> <span class='ocrx_word' id='word_1_377' title='bbox 1574 2336 1624 2391; x_wconf 83' lang='lat' dir='ltr'>rofi</span> <span class='ocrx_word' id='word_1_378' title='bbox 1634 2342 1821 2394; x_wconf 80' lang='lat' dir='ltr'>damnarentur</span> 
     </span>
     <span class='ocr_line' id='line_1_52' title="bbox 1018 2402 1817 2473; baseline 0.014 -19"><span class='ocrx_word' id='word_1_379' title='bbox 1018 2402 1148 2468; x_wconf 78' lang='lat' dir='ltr'>heretici,·</span> <span class='ocrx_word' id='word_1_380' title='bbox 1159 2414 1281 2471; x_wconf 80' lang='lat' dir='ltr'>pecatum</span> <span class='ocrx_word' id='word_1_381' title='bbox 1295 2404 1323 2458; x_wconf 88' lang='lat' dir='ltr'>in</span> <span class='ocrx_word' id='word_1_382' title='bbox 1337 2415 1361 2458; x_wconf 91' lang='lat' dir='ltr'>te</span> <span class='ocrx_word' id='word_1_383' title='bbox 1372 2415 1419 2470; x_wconf 82' lang='lat' dir='ltr'>eat,</span> <span class='ocrx_word' id='word_1_384' title='bbox 1435 2414 1460 2460; x_wconf 89' lang='lat' dir='ltr'>et</span> <span class='ocrx_word' id='word_1_385' title='bbox 1471 2422 1515 2460; x_wconf 87' lang='lat' dir='ltr'>ros</span> <span class='ocrx_word' id='word_1_386' title='bbox 1527 2408 1597 2473; x_wconf 83' lang='lat' dir='ltr'>ipsos</span> <span class='ocrx_word' id='word_1_387' title='bbox 1622 2422 1679 2461; x_wconf 86' lang='lat' dir='ltr'>cum</span> <span class='ocrx_word' id='word_1_388' title='bbox 1708 2411 1745 2462; x_wconf 85' lang='lat' dir='ltr'>eia</span> <span class='ocrx_word' id='word_1_389' title='bbox 1764 2426 1817 2465; x_wconf 87' lang='lat' dir='ltr'>aaa</span> 
     </span>
     <span class='ocr_line' id='line_1_53' title="bbox 1018 2473 1815 2547; baseline 0.01 -20"><span class='ocrx_word' id='word_1_390' title='bbox 1018 2473 1142 2527; x_wconf 86' lang='lat' dir='ltr'>sententio</span> <span class='ocrx_word' id='word_1_391' title='bbox 1155 2476 1234 2544; x_wconf 79' lang='lat' dir='ltr'>(crire</span> <span class='ocrx_word' id='word_1_392' title='bbox 1245 2475 1358 2533; x_wconf 83' lang='lat' dir='ltr'>coluisti.</span> <span class='ocrx_word' id='word_1_393' title='bbox 1372 2484 1426 2531; x_wconf 89' lang='lat' dir='ltr'>etc.</span> <span class='ocrx_word' id='word_1_394' title='bbox 1440 2477 1496 2544; x_wconf 71' lang='lat' dir='ltr'>Ego</span> <span class='ocrx_word' id='word_1_395' title='bbox 1509 2491 1564 2531; x_wconf 92' lang='lat' dir='ltr'>aon</span> <span class='ocrx_word' id='word_1_396' title='bbox 1581 2475 1675 2531; x_wconf 81' lang='lat' dir='ltr'>detrito</span> <span class='ocrx_word' id='word_1_397' title='bbox 1687 2477 1815 2547; x_wconf 87' lang='lat' dir='ltr'>Optatam</span> 
     </span>
     <span class='ocr_line' id='line_1_54' title="bbox 1018 2544 1815 2618; baseline 0.011 -21"><span class='ocrx_word' id='word_1_398' title='bbox 1018 2544 1171 2614; x_wconf 78' lang='lat' dir='ltr'>scripsisse,</span> <span class='ocrx_word' id='word_1_399' title='bbox 1181 2546 1240 2618; x_wconf 81' lang='lat' dir='ltr'>jam</span> <span class='ocrx_word' id='word_1_400' title='bbox 1250 2561 1336 2599; x_wconf 87' lang='lat' dir='ltr'>corner</span> <span class='ocrx_word' id='word_1_401' title='bbox 1352 2544 1470 2602; x_wconf 80' lang='lat' dir='ltr'>haretici</span> <span class='ocrx_word' id='word_1_402' title='bbox 1496 2559 1627 2617; x_wconf 74' lang='lat' dir='ltr'>ceperam</span> <span class='ocrx_word' id='word_1_403' title='bbox 1640 2565 1815 2606; x_wconf 81' lang='lat' dir='ltr'>memnarore.</span> 
     </span>
     <span class='ocr_line' id='line_1_55' title="bbox 1019 2611 1815 2687; baseline 0.013 -19"><span class='ocrx_word' id='word_1_404' title='bbox 1019 2611 1058 2668; x_wconf 90' lang='lat' dir='ltr'>lta</span> <span class='ocrx_word' id='word_1_405' title='bbox 1071 2629 1134 2669; x_wconf 78' lang='lat' dir='ltr'>anos</span> <span class='ocrx_word' id='word_1_406' title='bbox 1152 2630 1245 2670; x_wconf 91' lang='lat' dir='ltr'>eorum</span> <span class='ocrx_word' id='word_1_407' title='bbox 1260 2617 1343 2671; x_wconf 85' lang='lat' dir='ltr'>rerba</span> <span class='ocrx_word' id='word_1_408' title='bbox 1357 2617 1517 2685; x_wconf 88' lang='lat' dir='ltr'>interserit,</span> <span class='ocrx_word' id='word_1_409' title='bbox 1537 2634 1571 2673; x_wconf 92' lang='lat' dir='ltr'>oe</span> <span class='ocrx_word' id='word_1_410' title='bbox 1581 2621 1642 2687; x_wconf 84' lang='lat' dir='ltr'>ouis</span> <span class='ocrx_word' id='word_1_411' title='bbox 1656 2620 1700 2675; x_wconf 81' lang='lat' dir='ltr'>laic</span> <span class='ocrx_word' id='word_1_412' title='bbox 1715 2619 1815 2678; x_wconf 88' lang='lat' dir='ltr'>laetum</span> 
     </span>
     <span class='ocr_line' id='line_1_56' title="bbox 1019 2685 1815 2760; baseline 0.013 -21"><span class='ocrx_word' id='word_1_413' title='bbox 1019 2686 1140 2742; x_wconf 90' lang='lat' dir='ltr'>miretur.</span> <span class='ocrx_word' id='word_1_414' title='bbox 1164 2685 1223 2741; x_wconf 88' lang='lat' dir='ltr'>fam</span> <span class='ocrx_word' id='word_1_415' title='bbox 1247 2696 1275 2741; x_wconf 91' lang='lat' dir='ltr'>ot</span> <span class='ocrx_word' id='word_1_416' title='bbox 1297 2689 1337 2742; x_wconf 87' lang='lat' dir='ltr'>eis</span> <span class='ocrx_word' id='word_1_417' title='bbox 1357 2691 1401 2759; x_wconf 82' lang='lat' dir='ltr'>qui</span> <span class='ocrx_word' id='word_1_418' title='bbox 1415 2689 1452 2742; x_wconf 88' lang='lat' dir='ltr'>ita</span> <span class='ocrx_word' id='word_1_419' title='bbox 1466 2700 1627 2759; x_wconf 90' lang='lat' dir='ltr'>premantur</span> <span class='ocrx_word' id='word_1_420' title='bbox 1641 2692 1698 2746; x_wconf 82' lang='lat' dir='ltr'>sire</span> <span class='ocrx_word' id='word_1_421' title='bbox 1712 2692 1815 2760; x_wconf 82' lang='lat' dir='ltr'>serbis,</span> 
     </span>
     <span class='ocr_line' id='line_1_57' title="bbox 1018 2758 1815 2828; baseline 0.011 -17"><span class='ocrx_word' id='word_1_422' title='bbox 1018 2758 1077 2811; x_wconf 84' lang='lat' dir='ltr'>sire</span> <span class='ocrx_word' id='word_1_423' title='bbox 1092 2760 1173 2812; x_wconf 90' lang='lat' dir='ltr'>rebus</span> <span class='ocrx_word' id='word_1_424' title='bbox 1187 2758 1264 2826; x_wconf 85' lang='lat' dir='ltr'>ipsis,</span> <span class='ocrx_word' id='word_1_425' title='bbox 1280 2768 1308 2811; x_wconf 94' lang='lat' dir='ltr'>ot</span> <span class='ocrx_word' id='word_1_426' title='bbox 1321 2768 1457 2828; x_wconf 80' lang='lat' dir='ltr'>nequeant</span> <span class='ocrx_word' id='word_1_427' title='bbox 1470 2760 1600 2827; x_wconf 84' lang='lat' dir='ltr'>eradere,</span> <span class='ocrx_word' id='word_1_428' title='bbox 1612 2770 1659 2817; x_wconf 88' lang='lat' dir='ltr'>aot</span> <span class='ocrx_word' id='word_1_429' title='bbox 1671 2772 1745 2818; x_wconf 89' lang='lat' dir='ltr'>certe</span> <span class='ocrx_word' id='word_1_430' title='bbox 1760 2777 1815 2820; x_wconf 87' lang='lat' dir='ltr'>aron</span> 
     </span>
     <span class='ocr_line' id='line_1_58' title="bbox 1019 2826 1815 2903; baseline 0.013 -23"><span class='ocrx_word' id='word_1_431' title='bbox 1019 2826 1098 2883; x_wconf 87' lang='lat' dir='ltr'>facile</span> <span class='ocrx_word' id='word_1_432' title='bbox 1113 2843 1143 2884; x_wconf 87' lang='lat' dir='ltr'>se</span> <span class='ocrx_word' id='word_1_433' title='bbox 1157 2831 1411 2897; x_wconf 71' lang='lat' dir='ltr'>querunterpedire3</span> <span class='ocrx_word' id='word_1_434' title='bbox 1428 2833 1520 2900; x_wconf 87' lang='lat' dir='ltr'>ateis,</span> <span class='ocrx_word' id='word_1_435' title='bbox 1533 2833 1653 2901; x_wconf 83' lang='lat' dir='ltr'>inquam,</span> <span class='ocrx_word' id='word_1_436' title='bbox 1681 2849 1749 2903; x_wconf 85' lang='lat' dir='ltr'>aqua</span> <span class='ocrx_word' id='word_1_437' title='bbox 1771 2834 1815 2890; x_wconf 87' lang='lat' dir='ltr'>di·</span> 
     </span>
     <span class='ocr_line' id='line_1_59' title="bbox 1018 2899 1835 2974; baseline 0.009 -21"><span class='ocrx_word' id='word_1_438' title='bbox 1018 2909 1096 2954; x_wconf 86' lang='lat' dir='ltr'>catur</span> <span class='ocrx_word' id='word_1_439' title='bbox 1111 2899 1217 2956; x_wconf 83' lang='lat' dir='ltr'>lraerere</span> <span class='ocrx_word' id='word_1_440' title='bbox 1231 2899 1274 2954; x_wconf 84' lang='lat' dir='ltr'>rel</span> <span class='ocrx_word' id='word_1_441' title='bbox 1289 2902 1321 2955; x_wconf 89' lang='lat' dir='ltr'>iis</span> <span class='ocrx_word' id='word_1_442' title='bbox 1331 2910 1436 2967; x_wconf 91' lang='lat' dir='ltr'>notum,</span> <span class='ocrx_word' id='word_1_443' title='bbox 1451 2904 1495 2974; x_wconf 84' lang='lat' dir='ltr'>qai</span> <span class='ocrx_word' id='word_1_444' title='bbox 1512 2903 1632 2959; x_wconf 75' lang='lat' dir='ltr'>arcendum</span> <span class='ocrx_word' id='word_1_445' title='bbox 1646 2920 1700 2958; x_wconf 73' lang='lat' dir='ltr'>cere</span> <span class='ocrx_word' id='word_1_446' title='bbox 1718 2905 1813 2959; x_wconf 67' lang='lat' dir='ltr'>laisan·</span> <span class='ocrx_word' id='word_1_447' title='bbox 1830 2938 1835 2949; x_wconf 86' lang='lat'><strong>·</strong></span> 
     </span>
     <span class='ocr_line' id='line_1_60' title="bbox 1019 2971 1814 3042; baseline 0.013 -19"><span class='ocrx_word' id='word_1_448' title='bbox 1019 2978 1074 3024; x_wconf 91' lang='lat' dir='ltr'>tur.</span> <span class='ocrx_word' id='word_1_449' title='bbox 1092 2971 1216 3026; x_wconf 79' lang='lat' dir='ltr'>Batinum</span> <span class='ocrx_word' id='word_1_450' title='bbox 1231 2981 1332 3036; x_wconf 90' lang='lat' dir='ltr'>autem,</span> <span class='ocrx_word' id='word_1_451' title='bbox 1347 2972 1370 3026; x_wconf 88' lang='lat' dir='ltr'>si</span> <span class='ocrx_word' id='word_1_452' title='bbox 1384 2989 1438 3026; x_wconf 84' lang='lat' dir='ltr'>troo</span> <span class='ocrx_word' id='word_1_453' title='bbox 1453 2976 1633 3042; x_wconf 82' lang='lat' dir='ltr'>exprimatur,</span> <span class='ocrx_word' id='word_1_454' title='bbox 1647 2975 1814 3033; x_wconf 89' lang='lat' dir='ltr'>subaudien-</span> 
     </span>
     <span class='ocr_line' id='line_1_61' title="bbox 1018 3039 1816 3118; baseline 0.011 -23"><span class='ocrx_word' id='word_1_455' title='bbox 1018 3039 1083 3096; x_wconf 88' lang='lat' dir='ltr'>door</span> <span class='ocrx_word' id='word_1_456' title='bbox 1095 3050 1183 3098; x_wconf 90' lang='lat' dir='ltr'>tamen</span> <span class='ocrx_word' id='word_1_457' title='bbox 1198 3057 1268 3110; x_wconf 89' lang='lat' dir='ltr'>esse,</span> <span class='ocrx_word' id='word_1_458' title='bbox 1285 3058 1385 3115; x_wconf 83' lang='lat' dir='ltr'>cosque</span> <span class='ocrx_word' id='word_1_459' title='bbox 1407 3044 1464 3100; x_wconf 88' lang='lat' dir='ltr'>lolli</span> <span class='ocrx_word' id='word_1_460' title='bbox 1484 3045 1531 3116; x_wconf 83' lang='lat' dir='ltr'>qui</span> <span class='ocrx_word' id='word_1_461' title='bbox 1544 3055 1683 3115; x_wconf 81' lang='lat' dir='ltr'>exponant</span> <span class='ocrx_word' id='word_1_462' title='bbox 1699 3047 1726 3102; x_wconf 89' lang='lat' dir='ltr'>in</span> <span class='ocrx_word' id='word_1_463' title='bbox 1747 3064 1816 3118; x_wconf 80' lang='lat' dir='ltr'>aqna</span> 
     </span>
     <span class='ocr_line' id='line_1_62' title="bbox 1019 3112 1814 3186; baseline 0.014 -22"><span class='ocrx_word' id='word_1_464' title='bbox 1019 3112 1109 3180; x_wconf 74' lang='lat' dir='ltr'>haeret,</span> <span class='ocrx_word' id='word_1_465' title='bbox 1122 3127 1176 3169; x_wconf 93' lang='lat' dir='ltr'>uoo</span> <span class='ocrx_word' id='word_1_466' title='bbox 1186 3113 1326 3170; x_wconf 81' lang='lat' dir='ltr'>Ciceronis</span> <span class='ocrx_word' id='word_1_467' title='bbox 1346 3116 1473 3186; x_wconf 83' lang='lat' dir='ltr'>ereuiplo</span> <span class='ocrx_word' id='word_1_468' title='bbox 1487 3126 1576 3184; x_wconf 87' lang='lat' dir='ltr'>potest</span> <span class='ocrx_word' id='word_1_469' title='bbox 1589 3118 1698 3176; x_wconf 85' lang='lat' dir='ltr'>alroatle</span> <span class='ocrx_word' id='word_1_470' title='bbox 1712 3121 1814 3175; x_wconf 84' lang='lat' dir='ltr'>confar-</span> 
     </span>
     <span class='ocr_line' id='line_1_63' title="bbox 1020 3185 1812 3259; baseline 0.013 -22"><span class='ocrx_word' id='word_1_471' title='bbox 1020 3186 1108 3248; x_wconf 88' lang='lat' dir='ltr'>mari;</span> <span class='ocrx_word' id='word_1_472' title='bbox 1125 3186 1203 3254; x_wconf 85' lang='lat' dir='ltr'>cujus</span> <span class='ocrx_word' id='word_1_473' title='bbox 1216 3185 1249 3241; x_wconf 89' lang='lat' dir='ltr'>ad</span> <span class='ocrx_word' id='word_1_474' title='bbox 1264 3186 1297 3253; x_wconf 83' lang='lat' dir='ltr'>Q.</span> <span class='ocrx_word' id='word_1_475' title='bbox 1311 3187 1422 3241; x_wconf 88' lang='lat' dir='ltr'>fratrem</span> <span class='ocrx_word' id='word_1_476' title='bbox 1436 3187 1517 3242; x_wconf 88' lang='lat' dir='ltr'>rerba</span> <span class='ocrx_word' id='word_1_477' title='bbox 1531 3187 1579 3245; x_wconf 86' lang='lat' dir='ltr'>lib.</span> <span class='ocrx_word' id='word_1_478' title='bbox 1593 3205 1612 3244; x_wconf 93' lang='grc' dir='ltr'>ιι</span> <span class='ocrx_word' id='word_1_479' title='bbox 1628 3232 1635 3256; x_wconf 88' lang='grc'><em>,</em></span> <span class='ocrx_word' id='word_1_480' title='bbox 1665 3191 1733 3259; x_wconf 86' lang='lat' dir='ltr'>epis.</span> <span class='ocrx_word' id='word_1_481' title='bbox 1753 3207 1790 3246; x_wconf 88' lang='lat' dir='ltr'>ro</span> <span class='ocrx_word' id='word_1_482' title='bbox 1805 3209 1812 3246; x_wconf 91' lang='lat'>:</span> 
     </span>
    </p>
   </div>
   <div class='ocr_carea' id='block_1_17' title="bbox 203 3251 1814 3333">
    <p class='ocr_par' dir='ltr' id='par_1_20' title="bbox 203 3251 1814 3333">
     <span class='ocr_line' id='line_1_64' title="bbox 203 3251 1814 3333; baseline 0.001 -19"><span class='ocrx_word' id='word_1_483' title='bbox 203 3258 262 3333; x_wconf 77' lang='lat' dir='ltr'>(bf)</span> <span class='ocrx_word' id='word_1_484' title='bbox 275 3258 455 3329; x_wconf 78' lang='lat' dir='ltr'>Interropoatc</span> <span class='ocrx_word' id='word_1_485' title='bbox 470 3256 602 3314; x_wconf 77' lang='lat' dir='ltr'>Secundo.</span> <span class='ocrx_word' id='word_1_486' title='bbox 618 3257 668 3326; x_wconf 83' lang='lat' dir='ltr'>Qui</span> <span class='ocrx_word' id='word_1_487' title='bbox 685 3255 888 3327; x_wconf 86' lang='lat' dir='ltr'>tunctemporis</span> <span class='ocrx_word' id='word_1_488' title='bbox 905 3251 1002 3315; x_wconf 84' lang='lat' dir='ltr'>eratC</span> <span class='ocrx_word' id='word_1_489' title='bbox 1019 3254 1095 3319; x_wconf 79' lang='lat' dir='ltr'>Quod</span> <span class='ocrx_word' id='word_1_490' title='bbox 1108 3254 1199 3309; x_wconf 84' lang='lat' dir='ltr'>ididae</span> <span class='ocrx_word' id='word_1_491' title='bbox 1211 3266 1233 3310; x_wconf 91' lang='lat' dir='ltr'>et</span> <span class='ocrx_word' id='word_1_492' title='bbox 1246 3257 1369 3326; x_wconf 80' lang='lat' dir='ltr'>postridie</span> <span class='ocrx_word' id='word_1_493' title='bbox 1379 3255 1475 3311; x_wconf 86' lang='lat' dir='ltr'>dictum</span> <span class='ocrx_word' id='word_1_494' title='bbox 1491 3258 1585 3328; x_wconf 82' lang='lat' dir='ltr'>(uerat,</span> <span class='ocrx_word' id='word_1_495' title='bbox 1607 3261 1639 3315; x_wconf 89' lang='lat' dir='ltr'>de</span> <span class='ocrx_word' id='word_1_496' title='bbox 1662 3277 1725 3333; x_wconf 74' lang='lat' dir='ltr'>apro</span> <span class='ocrx_word' id='word_1_497' title='bbox 1738 3263 1814 3317; x_wconf 85' lang='lat' dir='ltr'>Cant-</span> 
     </span>
    </p>
   </div>
   <div class='ocr_carea' id='block_1_18' title="bbox 166 3328 966 4454">
    <p class='ocr_par' dir='ltr' id='par_1_21' title="bbox 166 3328 966 3885">
     <span class='ocr_line' id='line_1_65' title="bbox 166 3328 966 3400; baseline -0.003 -15"><span class='ocrx_word' id='word_1_498' title='bbox 166 3329 298 3385; x_wconf 77' lang='lat' dir='ltr'>Numidia</span> <span class='ocrx_word' id='word_1_499' title='bbox 305 3332 416 3399; x_wconf 85' lang='lat' dir='ltr'>primas,</span> <span class='ocrx_word' id='word_1_500' title='bbox 426 3329 591 3400; x_wconf 76' lang='lat' dir='ltr'>Augustinus</span> <span class='ocrx_word' id='word_1_501' title='bbox 602 3328 866 3397; x_wconf 84' lang='lat' dir='ltr'>ibidem,epiacopam</span> <span class='ocrx_word' id='word_1_502' title='bbox 875 3328 966 3396; x_wconf 79' lang='lat' dir='ltr'>primae</span> 
     </span>
     <span class='ocr_line' id='line_1_66' title="bbox 167 3398 964 3471; baseline -0.003 -15"><span class='ocrx_word' id='word_1_503' title='bbox 167 3401 307 3466; x_wconf 83' lang='lat' dir='ltr'>cottredroe,</span> <span class='ocrx_word' id='word_1_504' title='bbox 322 3410 351 3457; x_wconf 89' lang='lat' dir='ltr'>et</span> <span class='ocrx_word' id='word_1_505' title='bbox 363 3402 432 3456; x_wconf 90' lang='lat' dir='ltr'>libra</span> <span class='ocrx_word' id='word_1_506' title='bbox 444 3403 530 3471; x_wconf 91' lang='lat' dir='ltr'>primo</span> <span class='ocrx_word' id='word_1_507' title='bbox 540 3413 633 3456; x_wconf 85' lang='lat' dir='ltr'>contra</span> <span class='ocrx_word' id='word_1_508' title='bbox 644 3400 863 3461; x_wconf 84' lang='lat' dir='ltr'>Parmenionem,</span> <span class='ocrx_word' id='word_1_509' title='bbox 874 3398 964 3465; x_wconf 90' lang='lat' dir='ltr'>capite</span> 
     </span>
     <span class='ocr_line' id='line_1_67' title="bbox 167 3467 965 3542; baseline -0.005 -15"><span class='ocrx_word' id='word_1_510' title='bbox 167 3474 316 3541; x_wconf 71' lang='lat' dir='ltr'>tertioque</span> <span class='ocrx_word' id='word_1_511' title='bbox 326 3473 452 3526; x_wconf 85' lang='lat' dir='ltr'>aeaiemee</span> <span class='ocrx_word' id='word_1_512' title='bbox 466 3488 524 3525; x_wconf 83' lang='lat' dir='ltr'>earn</span> <span class='ocrx_word' id='word_1_513' title='bbox 536 3474 646 3542; x_wconf 89' lang='lat' dir='ltr'>primate</span> <span class='ocrx_word' id='word_1_514' title='bbox 659 3486 707 3525; x_wconf 84' lang='lat' dir='ltr'>sae</span> <span class='ocrx_word' id='word_1_515' title='bbox 718 3468 907 3524; x_wconf 84' lang='lat' dir='ltr'>toacSeceodo</span> <span class='ocrx_word' id='word_1_516' title='bbox 921 3467 965 3523; x_wconf 78' lang='lat' dir='ltr'>m·-</span> 
     </span>
     <span class='ocr_line' id='line_1_68' title="bbox 167 3539 964 3615; baseline 0 -19"><span class='ocrx_word' id='word_1_517' title='bbox 167 3540 429 3615; x_wconf 81' lang='lat' dir='ltr'>piritono.Caeteroan</span> <span class='ocrx_word' id='word_1_518' title='bbox 447 3552 508 3598; x_wconf 85' lang='lat' dir='ltr'>nom</span> <span class='ocrx_word' id='word_1_519' title='bbox 521 3540 796 3613; x_wconf 81' lang='lat' dir='ltr'>primatuminlliriea</span> <span class='ocrx_word' id='word_1_520' title='bbox 810 3539 964 3596; x_wconf 84' lang='lat' dir='ltr'>certislocis</span> 
     </span>
     <span class='ocr_line' id='line_1_69' title="bbox 167 3612 964 3684; baseline -0.006 -14"><span class='ocrx_word' id='word_1_521' title='bbox 167 3625 213 3670; x_wconf 90' lang='lat' dir='ltr'>aut</span> <span class='ocrx_word' id='word_1_522' title='bbox 227 3615 351 3684; x_wconf 89' lang='lat' dir='ltr'>personis</span> <span class='ocrx_word' id='word_1_523' title='bbox 364 3628 418 3668; x_wconf 93' lang='lat' dir='ltr'>noo</span> <span class='ocrx_word' id='word_1_524' title='bbox 430 3615 511 3670; x_wconf 87' lang='lat' dir='ltr'>foisse</span> <span class='ocrx_word' id='word_1_525' title='bbox 521 3614 657 3669; x_wconf 86' lang='lat' dir='ltr'>addictum</span> <span class='ocrx_word' id='word_1_526' title='bbox 668 3654 675 3680; x_wconf 96' lang='lat'><strong>‚</strong></span> <span class='ocrx_word' id='word_1_527' title='bbox 687 3614 734 3667; x_wconf 89' lang='lat' dir='ltr'>sed</span> <span class='ocrx_word' id='word_1_528' title='bbox 753 3612 781 3666; x_wconf 91' lang='lat' dir='ltr'>ln</span> <span class='ocrx_word' id='word_1_529' title='bbox 804 3626 964 3681; x_wconf 83' lang='lat' dir='ltr'>unaquaque</span> 
     </span>
     <span class='ocr_line' id='line_1_70' title="bbox 167 3682 963 3758; baseline -0.005 -17"><span class='ocrx_word' id='word_1_530' title='bbox 167 3686 304 3758; x_wconf 80' lang='lat' dir='ltr'>patriaeia</span> <span class='ocrx_word' id='word_1_531' title='bbox 320 3695 499 3756; x_wconf 77' lang='lat' dir='ltr'>praeterquam</span> <span class='ocrx_word' id='word_1_532' title='bbox 514 3686 542 3740; x_wconf 93' lang='lat' dir='ltr'>iu</span> <span class='ocrx_word' id='word_1_533' title='bbox 556 3682 746 3756; x_wconf 77' lang='lat' dir='ltr'>Gatlrogioensi</span> <span class='ocrx_word' id='word_1_534' title='bbox 762 3682 963 3738; x_wconf 88' lang='lat' dir='ltr'>senioresbanc</span> 
     </span>
     <span class='ocr_line' id='line_1_71' title="bbox 166 3752 965 3829; baseline -0.004 -18"><span class='ocrx_word' id='word_1_535' title='bbox 166 3771 315 3829; x_wconf 89' lang='lat' dir='ltr'>occupasse</span> <span class='ocrx_word' id='word_1_536' title='bbox 328 3756 495 3828; x_wconf 70' lang='lat' dir='ltr'>digniorem,</span> <span class='ocrx_word' id='word_1_537' title='bbox 511 3766 539 3811; x_wconf 93' lang='lat' dir='ltr'>ot</span> <span class='ocrx_word' id='word_1_538' title='bbox 553 3765 628 3827; x_wconf 86' lang='lat' dir='ltr'>patet</span> <span class='ocrx_word' id='word_1_539' title='bbox 637 3772 671 3812; x_wconf 82' lang='lat' dir='ltr'>ct</span> <span class='ocrx_word' id='word_1_540' title='bbox 685 3758 773 3826; x_wconf 87' lang='lat' dir='ltr'>capite</span> <span class='ocrx_word' id='word_1_541' title='bbox 785 3752 891 3811; x_wconf 90' lang='lat' dir='ltr'>decimo</span> <span class='ocrx_word' id='word_1_542' title='bbox 910 3763 965 3810; x_wconf 89' lang='lat' dir='ltr'>ter-</span> 
     </span>
     <span class='ocr_line' id='line_1_72' title="bbox 169 3828 488 3885; baseline -0.009 -2"><span class='ocrx_word' id='word_1_543' title='bbox 169 3828 208 3884; x_wconf 93' lang='lat' dir='ltr'>tio</span> <span class='ocrx_word' id='word_1_544' title='bbox 218 3828 357 3885; x_wconf 80' lang='lat' dir='ltr'>breviculi.</span> <span class='ocrx_word' id='word_1_545' title='bbox 376 3834 488 3884; x_wconf 78' lang='lat' dir='ltr'>banasa.</span> 
     </span>
    </p>

    <p class='ocr_par' dir='ltr' id='par_1_22' title="bbox 167 3896 964 4454">
     <span class='ocr_line' id='line_1_73' title="bbox 204 3896 962 3970; baseline -0.003 -15"><span class='ocrx_word' id='word_1_546' title='bbox 204 3900 261 3970; x_wconf 81' lang='grc'>(66)</span> <span class='ocrx_word' id='word_1_547' title='bbox 274 3899 394 3956; x_wconf 76' lang='lat' dir='ltr'>Smorrdo</span> <span class='ocrx_word' id='word_1_548' title='bbox 407 3898 559 3970; x_wconf 78' lang='lat' dir='ltr'>fipieitono.</span> <span class='ocrx_word' id='word_1_549' title='bbox 576 3897 713 3969; x_wconf 82' lang='lat' dir='ltr'>Episcopo</span> <span class='ocrx_word' id='word_1_550' title='bbox 732 3896 854 3967; x_wconf 79' lang='lat' dir='ltr'>&#39;figiscos</span> <span class='ocrx_word' id='word_1_551' title='bbox 867 3898 894 3952; x_wconf 92' lang='lat' dir='ltr'>io</span> <span class='ocrx_word' id='word_1_552' title='bbox 908 3896 962 3953; x_wconf 86' lang='lat' dir='ltr'>No·</span> 
     </span>
     <span class='ocr_line' id='line_1_74' title="bbox 168 3969 964 4042; baseline -0.008 -12"><span class='ocrx_word' id='word_1_553' title='bbox 168 3970 250 4030; x_wconf 77' lang='lat' dir='ltr'>nodia</span> <span class='ocrx_word' id='word_1_554' title='bbox 266 3972 310 4042; x_wconf 80' lang='lat' dir='ltr'>orti</span> <span class='ocrx_word' id='word_1_555' title='bbox 322 3979 378 4026; x_wconf 89' lang='lat' dir='ltr'>tum</span> <span class='ocrx_word' id='word_1_556' title='bbox 391 3971 592 4040; x_wconf 86' lang='lat' dir='ltr'>metropolitani</span> <span class='ocrx_word' id='word_1_557' title='bbox 607 3984 720 4025; x_wconf 75' lang='lat' dir='ltr'>mernere</span> <span class='ocrx_word' id='word_1_558' title='bbox 741 3969 903 4039; x_wconf 75' lang='lat' dir='ltr'>[irrigabatur</span> <span class='ocrx_word' id='word_1_559' title='bbox 923 3974 964 4024; x_wconf 94' lang='lat' dir='ltr'>in·</span> 
     </span>
     <span class='ocr_line' id='line_1_75' title="bbox 168 4040 964 4113; baseline -0.001 -17"><span class='ocrx_word' id='word_1_560' title='bbox 168 4044 362 4113; x_wconf 85' lang='lat' dir='ltr'>corepiscopos</span> <span class='ocrx_word' id='word_1_561' title='bbox 384 4041 527 4107; x_wconf 72' lang='lat' dir='ltr'>Notaridiac,</span> <span class='ocrx_word' id='word_1_562' title='bbox 545 4042 608 4105; x_wconf 78' lang='lat' dir='ltr'>traria</span> <span class='ocrx_word' id='word_1_563' title='bbox 621 4042 712 4097; x_wconf 90' lang='lat' dir='ltr'>senior</span> <span class='ocrx_word' id='word_1_564' title='bbox 725 4048 793 4094; x_wconf 86' lang='lat' dir='ltr'>erat.</span> <span class='ocrx_word' id='word_1_565' title='bbox 810 4040 964 4096; x_wconf 82' lang='lat' dir='ltr'>btrmerant</span> 
     </span>
     <span class='ocr_line' id='line_1_76' title="bbox 167 4111 961 4184; baseline -0.001 -16"><span class='ocrx_word' id='word_1_566' title='bbox 167 4113 247 4184; x_wconf 76' lang='lat' dir='ltr'>liujus</span> <span class='ocrx_word' id='word_1_567' title='bbox 261 4115 380 4169; x_wconf 88' lang='lat' dir='ltr'>nominis</span> <span class='ocrx_word' id='word_1_568' title='bbox 394 4114 474 4170; x_wconf 87' lang='lat' dir='ltr'>urbes</span> <span class='ocrx_word' id='word_1_569' title='bbox 496 4114 524 4168; x_wconf 90' lang='lat' dir='ltr'>io</span> <span class='ocrx_word' id='word_1_570' title='bbox 552 4114 661 4178; x_wconf 80' lang='lat' dir='ltr'>Africa;</span> <span class='ocrx_word' id='word_1_571' title='bbox 687 4112 770 4167; x_wconf 88' lang='lat' dir='ltr'>altere</span> <span class='ocrx_word' id='word_1_572' title='bbox 782 4111 809 4166; x_wconf 92' lang='lat' dir='ltr'>iu</span> <span class='ocrx_word' id='word_1_573' title='bbox 824 4111 961 4179; x_wconf 88' lang='lat' dir='ltr'>Numidia,</span> 
     </span>
     <span class='ocr_line' id='line_1_77' title="bbox 167 4181 963 4257; baseline -0.003 -18"><span class='ocrx_word' id='word_1_574' title='bbox 167 4186 202 4241; x_wconf 89' lang='lat' dir='ltr'>de</span> <span class='ocrx_word' id='word_1_575' title='bbox 220 4181 272 4257; x_wconf 75' lang='lat' dir='ltr'>qino</span> <span class='ocrx_word' id='word_1_576' title='bbox 287 4185 446 4254; x_wconf 79' lang='lat' dir='ltr'>Procopius,</span> <span class='ocrx_word' id='word_1_577' title='bbox 464 4185 483 4238; x_wconf 91' lang='lat' dir='ltr'>l.</span> <span class='ocrx_word' id='word_1_578' title='bbox 499 4200 517 4239; x_wconf 92' lang='lat' dir='ltr'>n</span> <span class='ocrx_word' id='word_1_579' title='bbox 542 4185 577 4239; x_wconf 90' lang='lat' dir='ltr'>de</span> <span class='ocrx_word' id='word_1_580' title='bbox 602 4183 677 4237; x_wconf 88' lang='lat' dir='ltr'>Bello</span> <span class='ocrx_word' id='word_1_581' title='bbox 693 4182 858 4248; x_wconf 70' lang='lat' dir='ltr'>brandellio,</span> <span class='ocrx_word' id='word_1_582' title='bbox 886 4183 963 4252; x_wconf 87' lang='lat' dir='ltr'>crrjas</span> 
     </span>
     <span class='ocr_line' id='line_1_78' title="bbox 167 4251 962 4327; baseline -0.005 -14"><span class='ocrx_word' id='word_1_583' title='bbox 167 4258 374 4327; x_wconf 78' lang='lat' dir='ltr'>episcopusorat</span> <span class='ocrx_word' id='word_1_584' title='bbox 387 4256 412 4310; x_wconf 90' lang='lat' dir='ltr'>is</span> <span class='ocrx_word' id='word_1_585' title='bbox 423 4256 577 4319; x_wconf 76' lang='lat' dir='ltr'>Secttrrdus3</span> <span class='ocrx_word' id='word_1_586' title='bbox 589 4255 674 4309; x_wconf 89' lang='lat' dir='ltr'>altero</span> <span class='ocrx_word' id='word_1_587' title='bbox 689 4253 715 4306; x_wconf 94' lang='lat' dir='ltr'>iu</span> <span class='ocrx_word' id='word_1_588' title='bbox 732 4251 891 4308; x_wconf 83' lang='lat' dir='ltr'>Mauritania</span> <span class='ocrx_word' id='word_1_589' title='bbox 901 4253 962 4309; x_wconf 74' lang='lat' dir='ltr'>Cae·</span> 
     </span>
     <span class='ocr_line' id='line_1_79' title="bbox 167 4324 962 4397; baseline -0.003 -15"><span class='ocrx_word' id='word_1_590' title='bbox 167 4327 293 4384; x_wconf 78' lang='lat' dir='ltr'>seniensi.</span> <span class='ocrx_word' id='word_1_591' title='bbox 306 4327 426 4397; x_wconf 81' lang='lat' dir='ltr'>Utraoue</span> <span class='ocrx_word' id='word_1_592' title='bbox 445 4327 580 4397; x_wconf 87' lang='lat' dir='ltr'>reperitur</span> <span class='ocrx_word' id='word_1_593' title='bbox 602 4327 627 4378; x_wconf 91' lang='lat' dir='ltr'>iu</span> <span class='ocrx_word' id='word_1_594' title='bbox 654 4324 748 4380; x_wconf 88' lang='lat' dir='ltr'>notitia</span> <span class='ocrx_word' id='word_1_595' title='bbox 771 4326 962 4395; x_wconf 87' lang='lat' dir='ltr'>episcoporum</span> 
     </span>
     <span class='ocr_line' id='line_1_80' title="bbox 167 4398 408 4454; baseline 0.004 -1"><span class='ocrx_word' id='word_1_596' title='bbox 167 4398 275 4454; x_wconf 52' lang='lat' dir='ltr'>African</span> <span class='ocrx_word' id='word_1_597' title='bbox 296 4400 333 4454; x_wconf 86' lang='lat' dir='ltr'>lto</span> <span class='ocrx_word' id='word_1_598' title='bbox 350 4400 408 4454; x_wconf 75' lang='lat' dir='ltr'>Part.</span> 
     </span>
    </p>
   </div>
   <div class='ocr_carea' id='block_1_19' title="bbox 1015 3327 1813 4463">
    <p class='ocr_par' dir='ltr' id='par_1_23' title="bbox 1015 3327 1813 4166">
     <span class='ocr_line' id='line_1_81' title="bbox 1017 3327 1813 3406; baseline 0.011 -27"><span class='ocrx_word' id='word_1_599' title='bbox 1017 3343 1085 3395; x_wconf 82' lang='lat' dir='ltr'>perra</span> <span class='ocrx_word' id='word_1_600' title='bbox 1098 3327 1237 3391; x_wconf 79' lang='lat' dir='ltr'>manniri,</span> <span class='ocrx_word' id='word_1_601' title='bbox 1251 3343 1303 3381; x_wconf 87' lang='lat' dir='ltr'>noo</span> <span class='ocrx_word' id='word_1_602' title='bbox 1313 3335 1350 3383; x_wconf 83' lang='lat' dir='ltr'>eat</span> <span class='ocrx_word' id='word_1_603' title='bbox 1363 3338 1457 3384; x_wconf 87' lang='lat' dir='ltr'>actum.</span> <span class='ocrx_word' id='word_1_604' title='bbox 1471 3327 1504 3383; x_wconf 84' lang='lat' dir='ltr'>fn</span> <span class='ocrx_word' id='word_1_605' title='bbox 1516 3329 1565 3384; x_wconf 90' lang='lat' dir='ltr'>hoc</span> <span class='ocrx_word' id='word_1_606' title='bbox 1579 3348 1656 3386; x_wconf 83' lang='lat' dir='ltr'>cnoro</span> <span class='ocrx_word' id='word_1_607' title='bbox 1666 3334 1728 3387; x_wconf 89' lang='lat' dir='ltr'>mihi</span> <span class='ocrx_word' id='word_1_608' title='bbox 1745 3351 1813 3406; x_wconf 85' lang='lat' dir='ltr'>aquo</span> 
     </span>
     <span class='ocr_line' id='line_1_82' title="bbox 1016 3396 1810 3472; baseline 0.013 -22"><span class='ocrx_word' id='word_1_609' title='bbox 1016 3396 1104 3452; x_wconf 79' lang='lat' dir='ltr'>heret.</span> <span class='ocrx_word' id='word_1_610' title='bbox 1126 3398 1193 3452; x_wconf 80' lang='lat' dir='ltr'>Cum</span> <span class='ocrx_word' id='word_1_611' title='bbox 1214 3408 1303 3453; x_wconf 89' lang='lat' dir='ltr'>autem</span> <span class='ocrx_word' id='word_1_612' title='bbox 1318 3397 1437 3455; x_wconf 84' lang='lat' dir='ltr'>breviter</span> <span class='ocrx_word' id='word_1_613' title='bbox 1451 3400 1605 3469; x_wconf 84' lang='lat' dir='ltr'>scripsisset</span> <span class='ocrx_word' id='word_1_614' title='bbox 1631 3402 1757 3472; x_wconf 78' lang='lat' dir='ltr'>optaras,</span> <span class='ocrx_word' id='word_1_615' title='bbox 1783 3415 1810 3460; x_wconf 91' lang='lat' dir='ltr'>et</span> 
     </span>
     <span class='ocr_line' id='line_1_83' title="bbox 1017 3467 1810 3543; baseline 0.009 -20"><span class='ocrx_word' id='word_1_616' title='bbox 1017 3467 1133 3525; x_wconf 83' lang='lat' dir='ltr'>fortasse</span> <span class='ocrx_word' id='word_1_617' title='bbox 1146 3480 1202 3524; x_wconf 88' lang='grc' dir='ltr'>ιιιιιι</span> <span class='ocrx_word' id='word_1_618' title='bbox 1213 3469 1335 3524; x_wconf 87' lang='lat' dir='ltr'>solerent</span> <span class='ocrx_word' id='word_1_619' title='bbox 1347 3480 1372 3525; x_wconf 89' lang='lat' dir='ltr'>et</span> <span class='ocrx_word' id='word_1_620' title='bbox 1388 3469 1472 3540; x_wconf 81' lang='lat' dir='ltr'>loqui,</span> <span class='ocrx_word' id='word_1_621' title='bbox 1482 3471 1561 3526; x_wconf 85' lang='lat' dir='ltr'>faceret</span> <span class='ocrx_word' id='word_1_622' title='bbox 1573 3474 1607 3536; x_wconf 91' lang='lat' dir='ltr'>ei,</span> <span class='ocrx_word' id='word_1_623' title='bbox 1623 3473 1694 3539; x_wconf 84' lang='lat' dir='ltr'>arrad</span> <span class='ocrx_word' id='word_1_624' title='bbox 1704 3476 1810 3543; x_wconf 74' lang='lat' dir='ltr'>(tleuios</span> 
     </span>
     <span class='ocr_line' id='line_1_84' title="bbox 1015 3539 1809 3610; baseline 0.011 -18"><span class='ocrx_word' id='word_1_625' title='bbox 1015 3547 1079 3594; x_wconf 76' lang='lat' dir='ltr'>arete</span> <span class='ocrx_word' id='word_1_626' title='bbox 1090 3540 1228 3606; x_wconf 90' lang='lat' dir='ltr'>dicebant,</span> <span class='ocrx_word' id='word_1_627' title='bbox 1240 3542 1344 3610; x_wconf 69' lang='lat' dir='ltr'>opaea</span> <span class='ocrx_word' id='word_1_628' title='bbox 1358 3539 1456 3608; x_wconf 58' lang='lat' dir='ltr'>hierem</span> <span class='ocrx_word' id='word_1_629' title='bbox 1470 3556 1505 3597; x_wconf 84' lang='lat' dir='ltr'>er</span> <span class='ocrx_word' id='word_1_630' title='bbox 1514 3542 1620 3599; x_wconf 89' lang='lat' dir='ltr'>duobus</span> <span class='ocrx_word' id='word_1_631' title='bbox 1631 3544 1685 3599; x_wconf 88' lang='lat' dir='ltr'>illis</span> <span class='ocrx_word' id='word_1_632' title='bbox 1698 3546 1809 3601; x_wconf 85' lang='lat' dir='ltr'>vocibus</span> 
     </span>
     <span class='ocr_line' id='line_1_85' title="bbox 1016 3610 1809 3685; baseline 0.01 -21"><span class='ocrx_word' id='word_1_633' title='bbox 1016 3610 1096 3666; x_wconf 78' lang='lat' dir='ltr'>haeret</span> <span class='ocrx_word' id='word_1_634' title='bbox 1109 3611 1133 3664; x_wconf 86' lang='lat' dir='ltr'>ei</span> <span class='ocrx_word' id='word_1_635' title='bbox 1147 3613 1180 3666; x_wconf 85' lang='lat' dir='ltr'>ab</span> <span class='ocrx_word' id='word_1_636' title='bbox 1194 3610 1321 3680; x_wconf 89' lang='lat' dir='ltr'>imperito</span> <span class='ocrx_word' id='word_1_637' title='bbox 1333 3612 1434 3678; x_wconf 88' lang='lat' dir='ltr'>scriba,</span> <span class='ocrx_word' id='word_1_638' title='bbox 1452 3615 1496 3667; x_wconf 85' lang='lat' dir='ltr'>cui</span> <span class='ocrx_word' id='word_1_639' title='bbox 1518 3629 1588 3685; x_wconf 83' lang='lat' dir='ltr'>aqua</span> <span class='ocrx_word' id='word_1_640' title='bbox 1614 3613 1658 3670; x_wconf 90' lang='lat' dir='ltr'>bic</span> <span class='ocrx_word' id='word_1_641' title='bbox 1678 3615 1809 3683; x_wconf 87' lang='lat' dir='ltr'>haerebat,</span> 
     </span>
     <span class='ocr_line' id='line_1_86' title="bbox 1015 3682 1810 3757; baseline 0.009 -22"><span class='ocrx_word' id='word_1_642' title='bbox 1015 3684 1087 3753; x_wconf 83' lang='lat' dir='ltr'>qood</span> <span class='ocrx_word' id='word_1_643' title='bbox 1102 3684 1229 3751; x_wconf 83' lang='lat' dir='ltr'>Optatam</span> <span class='ocrx_word' id='word_1_644' title='bbox 1245 3682 1311 3753; x_wconf 89' lang='lat' dir='ltr'>ipsis</span> <span class='ocrx_word' id='word_1_645' title='bbox 1324 3698 1418 3739; x_wconf 92' lang='lat' dir='ltr'>eorum</span> <span class='ocrx_word' id='word_1_646' title='bbox 1433 3684 1523 3740; x_wconf 82' lang='lat' dir='ltr'>verbis</span> <span class='ocrx_word' id='word_1_647' title='bbox 1544 3686 1583 3740; x_wconf 92' lang='lat' dir='ltr'>uti</span> <span class='ocrx_word' id='word_1_648' title='bbox 1601 3700 1654 3740; x_wconf 92' lang='lat' dir='ltr'>nan</span> <span class='ocrx_word' id='word_1_649' title='bbox 1676 3686 1810 3757; x_wconf 77' lang='lat' dir='ltr'>intellige-</span> 
     </span>
     <span class='ocr_line' id='line_1_87' title="bbox 1016 3754 1812 3825; baseline 0.006 -18"><span class='ocrx_word' id='word_1_650' title='bbox 1016 3761 1067 3821; x_wconf 91' lang='lat' dir='ltr'>ret,</span> <span class='ocrx_word' id='word_1_651' title='bbox 1079 3763 1106 3810; x_wconf 90' lang='lat' dir='ltr'>ct</span> <span class='ocrx_word' id='word_1_652' title='bbox 1118 3754 1218 3809; x_wconf 84' lang='lat' dir='ltr'>veteris</span> <span class='ocrx_word' id='word_1_653' title='bbox 1231 3754 1308 3808; x_wconf 85' lang='lat' dir='ltr'>rerbi</span> <span class='ocrx_word' id='word_1_654' title='bbox 1327 3770 1381 3810; x_wconf 93' lang='lat' dir='ltr'>ooo</span> <span class='ocrx_word' id='word_1_655' title='bbox 1397 3754 1522 3810; x_wconf 80' lang='lat' dir='ltr'>seniebat</span> <span class='ocrx_word' id='word_1_656' title='bbox 1535 3757 1561 3811; x_wconf 94' lang='lat' dir='ltr'>in</span> <span class='ocrx_word' id='word_1_657' title='bbox 1575 3764 1714 3825; x_wconf 90' lang='lat' dir='ltr'>mentem,</span> <span class='ocrx_word' id='word_1_658' title='bbox 1729 3758 1812 3813; x_wconf 85' lang='lat' dir='ltr'>haere-</span> 
     </span>
     <span class='ocr_line' id='line_1_88' title="bbox 1015 3823 1809 3893; baseline 0.008 -15"><span class='ocrx_word' id='word_1_659' title='bbox 1015 3826 1060 3879; x_wconf 90' lang='lat' dir='ltr'>tici</span> <span class='ocrx_word' id='word_1_660' title='bbox 1074 3838 1128 3879; x_wconf 89' lang='lat' dir='ltr'>ana</span> <span class='ocrx_word' id='word_1_661' title='bbox 1141 3838 1206 3879; x_wconf 81' lang='lat' dir='ltr'>voce</span> <span class='ocrx_word' id='word_1_662' title='bbox 1218 3823 1318 3879; x_wconf 86' lang='lat' dir='ltr'>lactum</span> <span class='ocrx_word' id='word_1_663' title='bbox 1331 3836 1382 3881; x_wconf 89' lang='lat' dir='ltr'>est.</span> <span class='ocrx_word' id='word_1_664' title='bbox 1392 3825 1470 3893; x_wconf 82' lang='lat' dir='ltr'>Quod</span> <span class='ocrx_word' id='word_1_665' title='bbox 1481 3841 1547 3882; x_wconf 89' lang='lat' dir='ltr'>saue</span> <span class='ocrx_word' id='word_1_666' title='bbox 1565 3827 1609 3882; x_wconf 90' lang='lat' dir='ltr'>hic</span> <span class='ocrx_word' id='word_1_667' title='bbox 1626 3828 1716 3882; x_wconf 91' lang='lat' dir='ltr'>locum</span> <span class='ocrx_word' id='word_1_668' title='bbox 1740 3829 1809 3884; x_wconf 89' lang='lat' dir='ltr'>adea</span> 
     </span>
     <span class='ocr_line' id='line_1_89' title="bbox 1016 3895 1811 3967; baseline 0.006 -17"><span class='ocrx_word' id='word_1_669' title='bbox 1016 3911 1069 3950; x_wconf 91' lang='lat' dir='ltr'>non</span> <span class='ocrx_word' id='word_1_670' title='bbox 1083 3895 1175 3960; x_wconf 85' lang='lat' dir='ltr'>habet,</span> <span class='ocrx_word' id='word_1_671' title='bbox 1187 3908 1214 3949; x_wconf 90' lang='lat' dir='ltr'>ut</span> <span class='ocrx_word' id='word_1_672' title='bbox 1228 3910 1281 3951; x_wconf 90' lang='lat' dir='ltr'>una</span> <span class='ocrx_word' id='word_1_673' title='bbox 1297 3895 1472 3963; x_wconf 81' lang='lat' dir='ltr'>boemenia,</span> <span class='ocrx_word' id='word_1_674' title='bbox 1499 3898 1625 3967; x_wconf 90' lang='lat' dir='ltr'>superior</span> <span class='ocrx_word' id='word_1_675' title='bbox 1647 3900 1736 3954; x_wconf 80' lang='lat' dir='ltr'>ononis</span> <span class='ocrx_word' id='word_1_676' title='bbox 1755 3901 1811 3956; x_wconf 89' lang='lat' dir='ltr'>dis-</span> 
     </span>
     <span class='ocr_line' id='line_1_90' title="bbox 1016 3966 1808 4043; baseline 0.005 -22"><span class='ocrx_word' id='word_1_677' title='bbox 1016 3967 1119 4037; x_wconf 81' lang='lat' dir='ltr'>putatio</span> <span class='ocrx_word' id='word_1_678' title='bbox 1132 3966 1166 4021; x_wconf 88' lang='lat' dir='ltr'>de</span> <span class='ocrx_word' id='word_1_679' title='bbox 1178 3966 1311 4022; x_wconf 82' lang='lat' dir='ltr'>lraercticis</span> <span class='ocrx_word' id='word_1_680' title='bbox 1324 3978 1352 4023; x_wconf 89' lang='lat' dir='ltr'>ct</span> <span class='ocrx_word' id='word_1_681' title='bbox 1365 3968 1712 4043; x_wconf 69' lang='lat' dir='ltr'>selaismaticisfetertatur;</span> <span class='ocrx_word' id='word_1_682' title='bbox 1728 3987 1808 4041; x_wconf 89' lang='lat' dir='ltr'>quam</span> 
     </span>
     <span class='ocr_line' id='line_1_91' title="bbox 1015 4037 1810 4109; baseline 0.006 -16"><span class='ocrx_word' id='word_1_683' title='bbox 1015 4040 1061 4108; x_wconf 84' lang='lat' dir='ltr'>qui</span> <span class='ocrx_word' id='word_1_684' title='bbox 1072 4037 1241 4106; x_wconf 82' lang='lat' dir='ltr'>expenderit,</span> <span class='ocrx_word' id='word_1_685' title='bbox 1257 4038 1291 4094; x_wconf 90' lang='lat' dir='ltr'>de</span> <span class='ocrx_word' id='word_1_686' title='bbox 1301 4040 1462 4095; x_wconf 88' lang='lat' dir='ltr'>necessitate</span> <span class='ocrx_word' id='word_1_687' title='bbox 1474 4039 1555 4109; x_wconf 82' lang='lat' dir='ltr'>liujus</span> <span class='ocrx_word' id='word_1_688' title='bbox 1567 4043 1746 4098; x_wconf 88' lang='lat' dir='ltr'>correctionis</span> <span class='ocrx_word' id='word_1_689' title='bbox 1759 4043 1810 4098; x_wconf 92' lang='lat' dir='ltr'>ml-</span> 
     </span>
     <span class='ocr_line' id='line_1_92' title="bbox 1016 4108 1421 4166; baseline -0.007 -2"><span class='ocrx_word' id='word_1_690' title='bbox 1016 4110 1088 4164; x_wconf 91' lang='lat' dir='ltr'>oime</span> <span class='ocrx_word' id='word_1_691' title='bbox 1102 4108 1245 4165; x_wconf 85' lang='lat' dir='ltr'>dubitabit.</span> <span class='ocrx_word' id='word_1_692' title='bbox 1256 4110 1291 4165; x_wconf 88' lang='lat' dir='ltr'>lt.</span> <span class='ocrx_word' id='word_1_693' title='bbox 1305 4111 1421 4166; x_wconf 80' lang='lat' dir='ltr'>Castus.</span> 
     </span>
    </p>

    <p class='ocr_par' dir='ltr' id='par_1_24' title="bbox 1015 4179 1810 4463">
     <span class='ocr_line' id='line_1_93' title="bbox 1052 4179 1809 4254; baseline 0.005 -19"><span class='ocrx_word' id='word_1_694' title='bbox 1052 4180 1119 4236; x_wconf 89' lang='lat' dir='ltr'>ibid.</span> <span class='ocrx_word' id='word_1_695' title='bbox 1135 4179 1268 4235; x_wconf 82' lang='lat' dir='ltr'>tterertet.</span> <span class='ocrx_word' id='word_1_696' title='bbox 1284 4180 1368 4237; x_wconf 83' lang='lat' dir='ltr'>Vocat</span> <span class='ocrx_word' id='word_1_697' title='bbox 1384 4181 1434 4236; x_wconf 90' lang='lat' dir='ltr'>bos</span> <span class='ocrx_word' id='word_1_698' title='bbox 1444 4181 1586 4252; x_wconf 90' lang='lat' dir='ltr'>episcopos</span> <span class='ocrx_word' id='word_1_699' title='bbox 1597 4180 1751 4251; x_wconf 87' lang='lat' dir='ltr'>hacreticus,</span> <span class='ocrx_word' id='word_1_700' title='bbox 1763 4185 1809 4254; x_wconf 80' lang='lat' dir='ltr'>oui</span> 
     </span>
     <span class='ocr_line' id='line_1_94' title="bbox 1015 4249 1809 4322; baseline 0.006 -18"><span class='ocrx_word' id='word_1_701' title='bbox 1015 4254 1098 4322; x_wconf 88' lang='lat' dir='ltr'>paulo</span> <span class='ocrx_word' id='word_1_702' title='bbox 1113 4263 1172 4322; x_wconf 92' lang='lat' dir='ltr'>post</span> <span class='ocrx_word' id='word_1_703' title='bbox 1182 4252 1298 4306; x_wconf 88' lang='lat' dir='ltr'>schisma</span> <span class='ocrx_word' id='word_1_704' title='bbox 1315 4251 1437 4306; x_wconf 85' lang='lat' dir='ltr'>lecerunt</span> <span class='ocrx_word' id='word_1_705' title='bbox 1447 4269 1455 4318; x_wconf 91' lang='lat'>;</span> <span class='ocrx_word' id='word_1_706' title='bbox 1467 4252 1562 4306; x_wconf 89' lang='lat' dir='ltr'>eodem</span> <span class='ocrx_word' id='word_1_707' title='bbox 1579 4254 1688 4309; x_wconf 89' lang='lat' dir='ltr'>ooorioe</span> <span class='ocrx_word' id='word_1_708' title='bbox 1704 4255 1739 4310; x_wconf 87' lang='lat' dir='ltr'>ab</span> <span class='ocrx_word' id='word_1_709' title='bbox 1750 4249 1809 4309; x_wconf 83' lang='lat' dir='ltr'>hu·</span> 
     </span>
     <span class='ocr_line' id='line_1_95' title="bbox 1015 4322 1809 4397; baseline 0.006 -23"><span class='ocrx_word' id='word_1_710' title='bbox 1015 4326 1124 4394; x_wconf 74' lang='lat' dir='ltr'>gastina</span> <span class='ocrx_word' id='word_1_711' title='bbox 1143 4330 1284 4387; x_wconf 84' lang='lat' dir='ltr'>vocantur,</span> <span class='ocrx_word' id='word_1_712' title='bbox 1298 4332 1325 4377; x_wconf 91' lang='lat' dir='ltr'>et</span> <span class='ocrx_word' id='word_1_713' title='bbox 1339 4322 1366 4376; x_wconf 93' lang='lat' dir='ltr'>io</span> <span class='ocrx_word' id='word_1_714' title='bbox 1380 4325 1446 4376; x_wconf 89' lang='lat' dir='ltr'>actis</span> <span class='ocrx_word' id='word_1_715' title='bbox 1469 4322 1542 4377; x_wconf 90' lang='lat' dir='ltr'>illios</span> <span class='ocrx_word' id='word_1_716' title='bbox 1561 4324 1686 4392; x_wconf 83' lang='lat' dir='ltr'>cotra-ilii,</span> <span class='ocrx_word' id='word_1_717' title='bbox 1702 4336 1809 4397; x_wconf 82' lang='lat' dir='ltr'>perotus</span> 
     </span>
     <span class='ocr_line' id='line_1_96' title="bbox 1015 4393 1810 4463; baseline 0.005 -16"><span class='ocrx_word' id='word_1_718' title='bbox 1015 4394 1128 4448; x_wconf 73' lang='lat' dir='ltr'>mfrhmo</span> <span class='ocrx_word' id='word_1_719' title='bbox 1143 4393 1236 4463; x_wconf 85' lang='lat' dir='ltr'>(acere,</span> <span class='ocrx_word' id='word_1_720' title='bbox 1253 4402 1275 4446; x_wconf 89' lang='lat' dir='ltr'>ct</span> <span class='ocrx_word' id='word_1_721' title='bbox 1290 4395 1350 4460; x_wconf 84' lang='lat' dir='ltr'>qaia</span> <span class='ocrx_word' id='word_1_722' title='bbox 1361 4394 1488 4448; x_wconf 77' lang='lat' dir='ltr'>dimittere</span> <span class='ocrx_word' id='word_1_723' title='bbox 1500 4403 1524 4448; x_wconf 89' lang='lat' dir='ltr'>te</span> <span class='ocrx_word' id='word_1_724' title='bbox 1534 4393 1626 4449; x_wconf 88' lang='lat' dir='ltr'>hebent</span> <span class='ocrx_word' id='word_1_725' title='bbox 1636 4406 1659 4448; x_wconf 85' lang='lat' dir='ltr'>et</span> <span class='ocrx_word' id='word_1_726' title='bbox 1669 4396 1733 4450; x_wconf 87' lang='lat' dir='ltr'>dore</span> <span class='ocrx_word' id='word_1_727' title='bbox 1743 4397 1770 4451; x_wconf 89' lang='lat' dir='ltr'>in</span> <span class='ocrx_word' id='word_1_728' title='bbox 1784 4405 1810 4450; x_wconf 85' lang='lat' dir='ltr'>te</span> 
     </span>
    </p>
   </div>
   <div class='ocr_carea' id='block_1_20' title="bbox 166 4463 1821 5900">
    <p class='ocr_par' dir='ltr' id='par_1_25' title="bbox 166 4463 1811 4608">
     <span class='ocr_line' id='line_1_97' title="bbox 204 4463 1811 4543; baseline -0.002 -17"><span class='ocrx_word' id='word_1_729' title='bbox 204 4471 263 4543; x_wconf 77' lang='grc'>(66)</span> <span class='ocrx_word' id='word_1_730' title='bbox 274 4469 426 4526; x_wconf 78' lang='lat' dir='ltr'>Tradidisse</span> <span class='ocrx_word' id='word_1_731' title='bbox 438 4469 629 4543; x_wconf 74' lang='lat' dir='ltr'>confessisunt.</span> <span class='ocrx_word' id='word_1_732' title='bbox 640 4465 709 4523; x_wconf 80' lang='lat' dir='ltr'>ttae</span> <span class='ocrx_word' id='word_1_733' title='bbox 730 4475 790 4520; x_wconf 89' lang='lat' dir='ltr'>acta</span> <span class='ocrx_word' id='word_1_734' title='bbox 812 4465 871 4538; x_wconf 85' lang='lat' dir='ltr'>ipsa</span> <span class='ocrx_word' id='word_1_735' title='bbox 895 4465 964 4523; x_wconf 88' lang='lat' dir='ltr'>infe·</span> <span class='ocrx_word' id='word_1_736' title='bbox 1015 4465 1190 4531; x_wconf 76' lang='lat' dir='ltr'>sententiam,</span> <span class='ocrx_word' id='word_1_737' title='bbox 1219 4473 1242 4517; x_wconf 91' lang='lat' dir='ltr'>et</span> <span class='ocrx_word' id='word_1_738' title='bbox 1261 4463 1402 4519; x_wconf 80' lang='lat' dir='ltr'>remanebis</span> <span class='ocrx_word' id='word_1_739' title='bbox 1433 4466 1503 4520; x_wconf 83' lang='lat' dir='ltr'>roias</span> <span class='ocrx_word' id='word_1_740' title='bbox 1533 4466 1676 4521; x_wconf 85' lang='lat' dir='ltr'>facereticaa.</span> <span class='ocrx_word' id='word_1_741' title='bbox 1708 4465 1811 4523; x_wconf 78' lang='lat' dir='ltr'>Carrtra</span> 
     </span>
     <span class='ocr_line' id='line_1_98' title="bbox 166 4533 1811 4608; baseline -0.002 -11"><span class='ocrx_word' id='word_1_742' title='bbox 166 4542 234 4597; x_wconf 90' lang='lat' dir='ltr'>rios.</span> <span class='ocrx_word' id='word_1_743' title='bbox 248 4543 285 4597; x_wconf 82' lang='lat' dir='ltr'>tto</span> <span class='ocrx_word' id='word_1_744' title='bbox 298 4542 354 4597; x_wconf 82' lang='lat' dir='ltr'>Pia.</span> <span class='ocrx_word' id='word_1_745' title='bbox 1015 4533 1191 4591; x_wconf 85' lang='lat' dir='ltr'>Caesennium</span> <span class='ocrx_word' id='word_1_746' title='bbox 1213 4533 1283 4588; x_wconf 90' lang='lat' dir='ltr'>libra</span> <span class='ocrx_word' id='word_1_747' title='bbox 1301 4536 1403 4602; x_wconf 87' lang='lat' dir='ltr'>tertio,</span> <span class='ocrx_word' id='word_1_748' title='bbox 1430 4537 1594 4592; x_wconf 82' lang='lat' dir='ltr'>schismatici</span> <span class='ocrx_word' id='word_1_749' title='bbox 1606 4552 1655 4608; x_wconf 91' lang='lat' dir='ltr'>pro</span> <span class='ocrx_word' id='word_1_750' title='bbox 1672 4537 1811 4594; x_wconf 75' lang='lat' dir='ltr'>haereticis</span> 
     </span>
    </p>

    <p class='ocr_par' dir='ltr' id='par_1_26' title="bbox 168 4605 1809 4757">
     <span class='ocr_line' id='line_1_99' title="bbox 203 4605 1809 4701; baseline -0.002 -33"><span class='ocrx_word' id='word_1_751' title='bbox 203 4613 262 4684; x_wconf 84' lang='grc'>(67)</span> <span class='ocrx_word' id='word_1_752' title='bbox 274 4613 351 4680; x_wconf 80' lang='lat' dir='ltr'>dprrd</span> <span class='ocrx_word' id='word_1_753' title='bbox 367 4612 553 4669; x_wconf 80' lang='lat' dir='ltr'>stationarios.</span> <span class='ocrx_word' id='word_1_754' title='bbox 569 4609 647 4682; x_wconf 79' lang='lat' dir='ltr'>apud</span> <span class='ocrx_word' id='word_1_755' title='bbox 660 4610 762 4666; x_wconf 89' lang='lat' dir='ltr'>milites</span> <span class='ocrx_word' id='word_1_756' title='bbox 786 4609 813 4664; x_wconf 94' lang='lat' dir='ltr'>in</span> <span class='ocrx_word' id='word_1_757' title='bbox 844 4608 1003 4701; x_wconf 75' lang='lat' dir='ltr'>statiooeD</span> <span class='ocrx_word' id='word_1_758' title='bbox 1017 4607 1160 4672; x_wconf 84' lang='lat' dir='ltr'>lrabeatur,</span> <span class='ocrx_word' id='word_1_759' title='bbox 1174 4617 1201 4661; x_wconf 88' lang='lat' dir='ltr'>et</span> <span class='ocrx_word' id='word_1_760' title='bbox 1212 4606 1282 4674; x_wconf 88' lang='lat' dir='ltr'>apud</span> <span class='ocrx_word' id='word_1_761' title='bbox 1292 4606 1395 4674; x_wconf 84' lang='lat' dir='ltr'>jardices</span> <span class='ocrx_word' id='word_1_762' title='bbox 1410 4605 1495 4661; x_wconf 85' lang='lat' dir='ltr'>laicos</span> <span class='ocrx_word' id='word_1_763' title='bbox 1506 4607 1557 4662; x_wconf 84' lang='lat' dir='ltr'>noe</span> <span class='ocrx_word' id='word_1_764' title='bbox 1568 4609 1809 4678; x_wconf 84' lang='lat' dir='ltr'>ararnioecompcl·</span> 
     </span>
     <span class='ocr_line' id='line_1_100' title="bbox 168 4677 1809 4757; baseline -0.004 -16"><span class='ocrx_word' id='word_1_765' title='bbox 168 4688 280 4757; x_wconf 86' lang='lat' dir='ltr'>positos.</span> <span class='ocrx_word' id='word_1_766' title='bbox 294 4685 409 4741; x_wconf 72' lang='lat' dir='ltr'>hasam.</span> <span class='ocrx_word' id='word_1_767' title='bbox 1019 4679 1121 4745; x_wconf 83' lang='lat' dir='ltr'>lentur,</span> <span class='ocrx_word' id='word_1_768' title='bbox 1132 4678 1251 4732; x_wconf 81' lang='lat' dir='ltr'>instructi</span> <span class='ocrx_word' id='word_1_769' title='bbox 1261 4687 1320 4732; x_wconf 85' lang='lat' dir='ltr'>aaut</span> <span class='ocrx_word' id='word_1_770' title='bbox 1330 4679 1447 4732; x_wconf 82' lang='lat' dir='ltr'>adrorati</span> <span class='ocrx_word' id='word_1_771' title='bbox 1457 4677 1491 4730; x_wconf 89' lang='lat' dir='ltr'>ad</span> <span class='ocrx_word' id='word_1_772' title='bbox 1505 4678 1554 4732; x_wconf 81' lang='lat' dir='ltr'>iate</span> <span class='ocrx_word' id='word_1_773' title='bbox 1563 4678 1676 4750; x_wconf 79' lang='lat' dir='ltr'>jndicio,</span> <span class='ocrx_word' id='word_1_774' title='bbox 1703 4690 1727 4734; x_wconf 89' lang='lat' dir='ltr'>et</span> <span class='ocrx_word' id='word_1_775' title='bbox 1749 4689 1809 4735; x_wconf 90' lang='lat' dir='ltr'>ton·</span> 
     </span>
    </p>

    <p class='ocr_par' dir='ltr' id='par_1_27' title="bbox 166 4749 1821 5900">
     <span class='ocr_line' id='line_1_101' title="bbox 202 4749 1810 4830; baseline -0.003 -19"><span class='ocrx_word' id='word_1_776' title='bbox 202 4756 260 4830; x_wconf 86' lang='grc'>(68)</span> <span class='ocrx_word' id='word_1_777' title='bbox 269 4755 331 4811; x_wconf 76' lang='lat' dir='ltr'>fam</span> <span class='ocrx_word' id='word_1_778' title='bbox 343 4773 430 4811; x_wconf 79' lang='lat' dir='ltr'>oannes</span> <span class='ocrx_word' id='word_1_779' title='bbox 438 4755 688 4824; x_wconf 82' lang='lat' dir='ltr'>latereticiroeperaat</span> <span class='ocrx_word' id='word_1_780' title='bbox 707 4767 878 4807; x_wconf 85' lang='lat' dir='ltr'>morarrurare.</span> <span class='ocrx_word' id='word_1_781' title='bbox 889 4751 963 4818; x_wconf 80' lang='lat' dir='ltr'>Quas</span> <span class='ocrx_word' id='word_1_782' title='bbox 1017 4765 1095 4821; x_wconf 80' lang='lat' dir='ltr'>priam</span> <span class='ocrx_word' id='word_1_783' title='bbox 1106 4750 1132 4803; x_wconf 89' lang='lat' dir='ltr'>io</span> <span class='ocrx_word' id='word_1_784' title='bbox 1143 4749 1275 4803; x_wconf 79' lang='lat' dir='ltr'>froreticos</span> <span class='ocrx_word' id='word_1_785' title='bbox 1287 4751 1396 4804; x_wconf 80' lang='lat' dir='ltr'>recitato</span> <span class='ocrx_word' id='word_1_786' title='bbox 1411 4764 1421 4803; x_wconf 93' lang='lat'>.·</span> <span class='ocrx_word' id='word_1_787' title='bbox 1439 4750 1481 4804; x_wconf 85' lang='lat' dir='ltr'>rel</span> <span class='ocrx_word' id='word_1_788' title='bbox 1495 4763 1542 4804; x_wconf 87' lang='lat' dir='ltr'>eea</span> <span class='ocrx_word' id='word_1_789' title='bbox 1553 4758 1631 4804; x_wconf 89' lang='lat' dir='ltr'>meat</span> <span class='ocrx_word' id='word_1_790' title='bbox 1657 4750 1810 4816; x_wconf 74' lang='lat' dir='ltr'>hereticos,</span> 
     </span>
     <span class='ocr_line' id='line_1_102' title="bbox 168 4820 1813 4902; baseline -0.002 -20"><span class='ocrx_word' id='word_1_791' title='bbox 168 4827 310 4885; x_wconf 75' lang='lat' dir='ltr'>freneticos</span> <span class='ocrx_word' id='word_1_792' title='bbox 321 4827 445 4895; x_wconf 70' lang='lat' dir='ltr'>intelligit</span> <span class='ocrx_word' id='word_1_793' title='bbox 455 4829 585 4896; x_wconf 80' lang='lat' dir='ltr'>Optatos3</span> <span class='ocrx_word' id='word_1_794' title='bbox 598 4840 650 4895; x_wconf 84' lang='lat' dir='ltr'>qua</span> <span class='ocrx_word' id='word_1_795' title='bbox 666 4825 776 4895; x_wconf 81' lang='lat' dir='ltr'>quidem</span> <span class='ocrx_word' id='word_1_796' title='bbox 792 4826 897 4878; x_wconf 86' lang='lat' dir='ltr'>ratione</span> <span class='ocrx_word' id='word_1_797' title='bbox 912 4824 962 4877; x_wconf 85' lang='lat' dir='ltr'>lia-</span> <span class='ocrx_word' id='word_1_798' title='bbox 1017 4822 1079 4902; x_wconf 81' lang='lat' dir='ltr'>quia</span> <span class='ocrx_word' id='word_1_799' title='bbox 1094 4837 1129 4877; x_wconf 84' lang='lat' dir='ltr'>ex</span> <span class='ocrx_word' id='word_1_800' title='bbox 1144 4821 1315 4876; x_wconf 86' lang='lat' dir='ltr'>Parmenioni</span> <span class='ocrx_word' id='word_1_801' title='bbox 1328 4820 1462 4876; x_wconf 85' lang='lat' dir='ltr'>scrrtearia</span> <span class='ocrx_word' id='word_1_802' title='bbox 1475 4820 1644 4877; x_wconf 79' lang='lat' dir='ltr'>schismatici</span> <span class='ocrx_word' id='word_1_803' title='bbox 1663 4832 1741 4878; x_wconf 90' lang='lat' dir='ltr'>erant</span> <span class='ocrx_word' id='word_1_804' title='bbox 1756 4822 1813 4878; x_wconf 81' lang='lat' dir='ltr'>hae·</span> 
     </span>
     <span class='ocr_line' id='line_1_103' title="bbox 167 4891 1234 4967; baseline -0.003 -15"><span class='ocrx_word' id='word_1_805' title='bbox 167 4898 283 4965; x_wconf 79' lang='lat' dir='ltr'>naris-ae,</span> <span class='ocrx_word' id='word_1_806' title='bbox 300 4899 342 4954; x_wconf 84' lang='lat' dir='ltr'>rel</span> <span class='ocrx_word' id='word_1_807' title='bbox 354 4906 383 4953; x_wconf 91' lang='lat' dir='ltr'>ot</span> <span class='ocrx_word' id='word_1_808' title='bbox 396 4899 544 4954; x_wconf 87' lang='lat' dir='ltr'>Cresconio</span> <span class='ocrx_word' id='word_1_809' title='bbox 558 4897 691 4967; x_wconf 87' lang='lat' dir='ltr'>placebat,</span> <span class='ocrx_word' id='word_1_810' title='bbox 709 4895 851 4951; x_wconf 84' lang='lat' dir='ltr'>Donatieni</span> <span class='ocrx_word' id='word_1_811' title='bbox 866 4894 918 4949; x_wconf 88' lang='lat' dir='ltr'>dici</span> <span class='ocrx_word' id='word_1_812' title='bbox 934 4905 963 4950; x_wconf 90' lang='lat' dir='ltr'>ct</span> <span class='ocrx_word' id='word_1_813' title='bbox 1015 4896 1103 4947; x_wconf 85' lang='lat' dir='ltr'>retici.</span> <span class='ocrx_word' id='word_1_814' title='bbox 1120 4891 1234 4949; x_wconf 75' lang='lat' dir='ltr'>Amase.</span> 
     </span>
     <span class='ocr_line' id='line_1_104' title="bbox 167 4961 1809 5046; baseline -0.002 -22"><span class='ocrx_word' id='word_1_815' title='bbox 167 4969 297 5038; x_wconf 78' lang='lat' dir='ltr'>appetam</span> <span class='ocrx_word' id='word_1_816' title='bbox 314 4970 450 5039; x_wconf 78' lang='lat' dir='ltr'>proluerint</span> <span class='ocrx_word' id='word_1_817' title='bbox 460 4970 592 5036; x_wconf 82' lang='lat' dir='ltr'>lroeretici,</span> <span class='ocrx_word' id='word_1_818' title='bbox 604 4968 822 5035; x_wconf 88' lang='lat' dir='ltr'>multisdisputat</span> <span class='ocrx_word' id='word_1_819' title='bbox 832 4965 960 5036; x_wconf 74' lang='lat' dir='ltr'>Augusti·</span> <span class='ocrx_word' id='word_1_820' title='bbox 1052 4962 1113 5046; x_wconf 86' lang='grc'>(69)</span> <span class='ocrx_word' id='word_1_821' title='bbox 1126 4963 1222 5018; x_wconf 74' lang='lat' dir='ltr'>diecti.</span> <span class='ocrx_word' id='word_1_822' title='bbox 1238 4961 1334 5019; x_wconf 84' lang='lat' dir='ltr'>Statim</span> <span class='ocrx_word' id='word_1_823' title='bbox 1345 4975 1425 5034; x_wconf 87' lang='lat' dir='ltr'>atquo</span> <span class='ocrx_word' id='word_1_824' title='bbox 1438 4962 1636 5019; x_wconf 88' lang='lat' dir='ltr'>accusabantur</span> <span class='ocrx_word' id='word_1_825' title='bbox 1650 4964 1809 5035; x_wconf 80' lang='lat' dir='ltr'>surgebant,</span> 
     </span>
     <span class='ocr_line' id='line_1_105' title="bbox 167 5034 1808 5109; baseline -0.002 -14"><span class='ocrx_word' id='word_1_826' title='bbox 167 5056 227 5109; x_wconf 88' lang='lat' dir='ltr'>nus,</span> <span class='ocrx_word' id='word_1_827' title='bbox 240 5043 286 5098; x_wconf 90' lang='lat' dir='ltr'>lib.</span> <span class='ocrx_word' id='word_1_828' title='bbox 301 5058 330 5107; x_wconf 87' lang='lat' dir='ltr'>rr,</span> <span class='ocrx_word' id='word_1_829' title='bbox 346 5041 575 5098; x_wconf 86' lang='lat' dir='ltr'>corrtraCrescoa.</span> <span class='ocrx_word' id='word_1_830' title='bbox 596 5040 669 5094; x_wconf 86' lang='lat' dir='ltr'>idem</span> <span class='ocrx_word' id='word_1_831' title='bbox 685 5040 711 5093; x_wconf 93' lang='lat' dir='ltr'>ia</span> <span class='ocrx_word' id='word_1_832' title='bbox 731 5039 779 5094; x_wconf 92' lang='lat' dir='ltr'>lib.</span> <span class='ocrx_word' id='word_1_833' title='bbox 795 5037 830 5094; x_wconf 87' lang='lat' dir='ltr'>tle</span> <span class='ocrx_word' id='word_1_834' title='bbox 845 5036 960 5093; x_wconf 79' lang='lat' dir='ltr'>haeresi·</span> <span class='ocrx_word' id='word_1_835' title='bbox 1014 5040 1043 5089; x_wconf 90' lang='lat' dir='ltr'>et</span> <span class='ocrx_word' id='word_1_836' title='bbox 1057 5050 1084 5089; x_wconf 89' lang='grc' dir='ltr'>ιιι</span> <span class='ocrx_word' id='word_1_837' title='bbox 1096 5035 1211 5090; x_wconf 90' lang='lat' dir='ltr'>alteram</span> <span class='ocrx_word' id='word_1_838' title='bbox 1222 5043 1326 5106; x_wconf 87' lang='lat' dir='ltr'>partem</span> <span class='ocrx_word' id='word_1_839' title='bbox 1337 5034 1498 5102; x_wconf 84' lang='lat' dir='ltr'>traaasibant,</span> <span class='ocrx_word' id='word_1_840' title='bbox 1515 5045 1544 5089; x_wconf 90' lang='lat' dir='ltr'>ut</span> <span class='ocrx_word' id='word_1_841' title='bbox 1555 5049 1589 5090; x_wconf 84' lang='lat' dir='ltr'>er</span> <span class='ocrx_word' id='word_1_842' title='bbox 1608 5036 1675 5090; x_wconf 85' lang='lat' dir='ltr'>actis</span> <span class='ocrx_word' id='word_1_843' title='bbox 1689 5046 1808 5093; x_wconf 89' lang='lat' dir='ltr'>constat.</span> 
     </span>
     <span class='ocr_line' id='line_1_106' title="bbox 166 5105 1702 5174; baseline -0.003 -7"><span class='ocrx_word' id='word_1_844' title='bbox 166 5112 217 5167; x_wconf 82' lang='lat' dir='ltr'>bars</span> <span class='ocrx_word' id='word_1_845' title='bbox 230 5115 349 5170; x_wconf 88' lang='lat' dir='ltr'>sclrisroa</span> <span class='ocrx_word' id='word_1_846' title='bbox 374 5127 422 5167; x_wconf 90' lang='lat' dir='ltr'>eos</span> <span class='ocrx_word' id='word_1_847' title='bbox 433 5114 459 5168; x_wconf 89' lang='lat' dir='ltr'>io</span> <span class='ocrx_word' id='word_1_848' title='bbox 473 5111 597 5167; x_wconf 86' lang='lat' dir='ltr'>baeresim</span> <span class='ocrx_word' id='word_1_849' title='bbox 611 5110 726 5166; x_wconf 79' lang='lat' dir='ltr'>vertisse</span> <span class='ocrx_word' id='word_1_850' title='bbox 739 5110 830 5174; x_wconf 89' lang='lat' dir='ltr'>docet,</span> <span class='ocrx_word' id='word_1_851' title='bbox 850 5117 877 5163; x_wconf 89' lang='lat' dir='ltr'>et</span> <span class='ocrx_word' id='word_1_852' title='bbox 895 5123 959 5165; x_wconf 90' lang='lat' dir='ltr'>raro</span> <span class='ocrx_word' id='word_1_853' title='bbox 1593 5105 1632 5162; x_wconf 80' lang='lat' dir='ltr'>liu</span> <span class='ocrx_word' id='word_1_854' title='bbox 1646 5106 1702 5163; x_wconf 86' lang='lat' dir='ltr'>Pro.</span> 
     </span>
     <span class='ocr_line' id='line_1_107' title="bbox 166 5174 1810 5252; baseline -0.002 -15"><span class='ocrx_word' id='word_1_855' title='bbox 166 5185 247 5239; x_wconf 85' lang='lat' dir='ltr'>aliter</span> <span class='ocrx_word' id='word_1_856' title='bbox 259 5200 339 5251; x_wconf 82' lang='lat' dir='ltr'>poam</span> <span class='ocrx_word' id='word_1_857' title='bbox 353 5184 495 5239; x_wconf 74' lang='lat' dir='ltr'>hereticos</span> <span class='ocrx_word' id='word_1_858' title='bbox 509 5194 655 5251; x_wconf 87' lang='lat' dir='ltr'>nuncupat.</span> <span class='ocrx_word' id='word_1_859' title='bbox 668 5179 855 5252; x_wconf 82' lang='lat' dir='ltr'>Oliauquorpre</span> <span class='ocrx_word' id='word_1_860' title='bbox 865 5179 961 5250; x_wconf 78' lang='lat' dir='ltr'>uulgata</span> <span class='ocrx_word' id='word_1_861' title='bbox 1050 5177 1108 5252; x_wconf 81' lang='lat'><strong>(70)</strong></span> <span class='ocrx_word' id='word_1_862' title='bbox 1121 5175 1210 5231; x_wconf 82' lang='lat' dir='ltr'>Talem</span> <span class='ocrx_word' id='word_1_863' title='bbox 1221 5192 1323 5232; x_wconf 84' lang='lat' dir='ltr'>caeram</span> <span class='ocrx_word' id='word_1_864' title='bbox 1338 5174 1394 5231; x_wconf 84' lang='lat' dir='ltr'>Deo</span> <span class='ocrx_word' id='word_1_865' title='bbox 1404 5185 1525 5230; x_wconf 79' lang='lat' dir='ltr'>emeret.</span> <span class='ocrx_word' id='word_1_866' title='bbox 1538 5176 1604 5233; x_wconf 87' lang='lat' dir='ltr'>Com</span> <span class='ocrx_word' id='word_1_867' title='bbox 1613 5180 1730 5247; x_wconf 79' lang='lat' dir='ltr'>afiartam</span> <span class='ocrx_word' id='word_1_868' title='bbox 1744 5178 1810 5234; x_wconf 89' lang='lat' dir='ltr'>olim</span> 
     </span>
     <span class='ocr_line' id='line_1_108' title="bbox 169 5246 1810 5324; baseline -0.001 -17"><span class='ocrx_word' id='word_1_869' title='bbox 169 5256 326 5310; x_wconf 74' lang='lat' dir='ltr'>tranaticum</span> <span class='ocrx_word' id='word_1_870' title='bbox 340 5270 388 5319; x_wconf 86' lang='lat' dir='ltr'>pro</span> <span class='ocrx_word' id='word_1_871' title='bbox 398 5254 570 5309; x_wconf 86' lang='lat' dir='ltr'>selrlsmatico</span> <span class='ocrx_word' id='word_1_872' title='bbox 580 5256 734 5324; x_wconf 81' lang='lat' dir='ltr'>promiscae</span> <span class='ocrx_word' id='word_1_873' title='bbox 744 5265 889 5321; x_wconf 88' lang='lat' dir='ltr'>usurpasse</span> <span class='ocrx_word' id='word_1_874' title='bbox 901 5265 963 5321; x_wconf 87' lang='lat' dir='ltr'>per-</span> <span class='ocrx_word' id='word_1_875' title='bbox 1014 5264 1124 5306; x_wconf 88' lang='lat' dir='ltr'>causam</span> <span class='ocrx_word' id='word_1_876' title='bbox 1139 5258 1185 5304; x_wconf 90' lang='lat' dir='ltr'>aut</span> <span class='ocrx_word' id='word_1_877' title='bbox 1200 5248 1331 5304; x_wconf 90' lang='lat' dir='ltr'>delictum</span> <span class='ocrx_word' id='word_1_878' title='bbox 1345 5246 1449 5302; x_wconf 89' lang='lat' dir='ltr'>nollent</span> <span class='ocrx_word' id='word_1_879' title='bbox 1464 5247 1594 5316; x_wconf 67' lang='lat' dir='ltr'>&#39;udicare</span> <span class='ocrx_word' id='word_1_880' title='bbox 1608 5249 1642 5304; x_wconf 89' lang='lat' dir='ltr'>ad</span> <span class='ocrx_word' id='word_1_881' title='bbox 1659 5252 1741 5306; x_wconf 86' lang='lat' dir='ltr'>Deum</span> <span class='ocrx_word' id='word_1_882' title='bbox 1752 5265 1810 5305; x_wconf 89' lang='lat' dir='ltr'>rem</span> 
     </span>
     <span class='ocr_line' id='line_1_109' title="bbox 168 5263 1810 5394; baseline -0.003 -14"><span class='ocrx_word' id='word_1_883' title='bbox 168 5339 278 5380; x_wconf 80' lang='lat' dir='ltr'>suasum</span> <span class='ocrx_word' id='word_1_884' title='bbox 297 5325 406 5384; x_wconf 85' lang='lat' dir='ltr'>habeo.</span> <span class='ocrx_word' id='word_1_885' title='bbox 434 5324 568 5394; x_wconf 80' lang='lat' dir='ltr'>hodieque</span> <span class='ocrx_word' id='word_1_886' title='bbox 594 5328 622 5379; x_wconf 93' lang='lat' dir='ltr'>in</span> <span class='ocrx_word' id='word_1_887' title='bbox 645 5322 962 5393; x_wconf 87' lang='lat' dir='ltr'>epistolisCoostantini,</span> <span class='ocrx_word' id='word_1_888' title='bbox 1014 5321 1173 5377; x_wconf 88' lang='lat' dir='ltr'>deferebant</span> <span class='ocrx_word' id='word_1_889' title='bbox 1194 5330 1222 5375; x_wconf 90' lang='lat' dir='ltr'>et</span> <span class='ocrx_word' id='word_1_890' title='bbox 1235 5318 1410 5375; x_wconf 86' lang='lat' dir='ltr'>remittebant</span> <span class='ocrx_word' id='word_1_891' title='bbox 1423 5335 1440 5382; x_wconf 77' lang='grc' dir='ltr'>ι,</span> <span class='ocrx_word' id='word_1_892' title='bbox 1459 5263 1610 5389; x_wconf 48' lang='lat' dir='ltr'>hypetaona</span> <span class='ocrx_word' id='word_1_893' title='bbox 1636 5322 1757 5391; x_wconf 88' lang='lat' dir='ltr'>pleribus</span> <span class='ocrx_word' id='word_1_894' title='bbox 1784 5322 1810 5375; x_wconf 91' lang='lat' dir='ltr'>in</span> 
     </span>
     <span class='ocr_line' id='line_1_110' title="bbox 169 5389 1814 5466; baseline -0.004 -14"><span class='ocrx_word' id='word_1_895' title='bbox 169 5397 282 5452; x_wconf 77' lang='lat' dir='ltr'>lamerici</span> <span class='ocrx_word' id='word_1_896' title='bbox 293 5397 333 5452; x_wconf 84' lang='lat' dir='ltr'>rel</span> <span class='ocrx_word' id='word_1_897' title='bbox 346 5397 511 5463; x_wconf 83' lang='lat' dir='ltr'>mhirnrotici,</span> <span class='ocrx_word' id='word_1_898' title='bbox 527 5399 603 5466; x_wconf 81' lang='lat' dir='ltr'>quasi</span> <span class='ocrx_word' id='word_1_899' title='bbox 619 5396 732 5462; x_wconf 75' lang='lat' dir='ltr'>(reriode</span> <span class='ocrx_word' id='word_1_900' title='bbox 747 5404 832 5457; x_wconf 88' lang='lat' dir='ltr'>essct,</span> <span class='ocrx_word' id='word_1_901' title='bbox 855 5393 888 5449; x_wconf 90' lang='lat' dir='ltr'>de</span> <span class='ocrx_word' id='word_1_902' title='bbox 911 5394 964 5448; x_wconf 83' lang='lat' dir='ltr'>llo-</span> <span class='ocrx_word' id='word_1_903' title='bbox 1016 5392 1154 5459; x_wconf 91' lang='lat' dir='ltr'>locis,ubi</span> <span class='ocrx_word' id='word_1_904' title='bbox 1168 5393 1223 5464; x_wconf 73' lang='lat' dir='ltr'>agit</span> <span class='ocrx_word' id='word_1_905' title='bbox 1237 5389 1422 5460; x_wconf 88' lang='lat' dir='ltr'>delapsarum</span> <span class='ocrx_word' id='word_1_906' title='bbox 1436 5392 1594 5460; x_wconf 84' lang='lat' dir='ltr'>poertiteotia</span> <span class='ocrx_word' id='word_1_907' title='bbox 1610 5412 1617 5448; x_wconf 75' lang='grc' dir='ltr'><strong><em>ε</em></strong></span> <span class='ocrx_word' id='word_1_908' title='bbox 1638 5405 1664 5448; x_wconf 89' lang='lat' dir='ltr'>et</span> <span class='ocrx_word' id='word_1_909' title='bbox 1685 5392 1814 5463; x_wconf 75' lang='lat' dir='ltr'>Augusti·</span> 
     </span>
     <span class='ocr_line' id='line_1_111' title="bbox 168 5462 1812 5535; baseline -0.004 -11"><span class='ocrx_word' id='word_1_910' title='bbox 168 5468 307 5524; x_wconf 88' lang='lat' dir='ltr'>natistisle</span> <span class='ocrx_word' id='word_1_911' title='bbox 326 5482 366 5523; x_wconf 87' lang='lat' dir='ltr'>es.</span> <span class='ocrx_word' id='word_1_912' title='bbox 379 5465 438 5523; x_wconf 82' lang='lat' dir='ltr'>fam</span> <span class='ocrx_word' id='word_1_913' title='bbox 450 5475 479 5522; x_wconf 92' lang='lat' dir='ltr'>ot</span> <span class='ocrx_word' id='word_1_914' title='bbox 492 5477 520 5523; x_wconf 90' lang='lat' dir='ltr'>et</span> <span class='ocrx_word' id='word_1_915' title='bbox 533 5466 796 5532; x_wconf 86' lang='lat' dir='ltr'>illudcoocedamus,</span> <span class='ocrx_word' id='word_1_916' title='bbox 810 5481 857 5520; x_wconf 86' lang='lat' dir='ltr'>eos</span> <span class='ocrx_word' id='word_1_917' title='bbox 872 5465 916 5534; x_wconf 84' lang='lat' dir='ltr'>oui</span> <span class='ocrx_word' id='word_1_918' title='bbox 931 5465 965 5519; x_wconf 91' lang='lat' dir='ltr'>ad</span> <span class='ocrx_word' id='word_1_919' title='bbox 1018 5479 1069 5521; x_wconf 89' lang='lat' dir='ltr'>nus</span> <span class='ocrx_word' id='word_1_920' title='bbox 1082 5475 1176 5519; x_wconf 92' lang='lat' dir='ltr'>contra</span> <span class='ocrx_word' id='word_1_921' title='bbox 1191 5463 1368 5519; x_wconf 84' lang='lat' dir='ltr'>Crescooinm</span> <span class='ocrx_word' id='word_1_922' title='bbox 1396 5462 1565 5529; x_wconf 89' lang='lat' dir='ltr'>librotcrtio,</span> <span class='ocrx_word' id='word_1_923' title='bbox 1578 5465 1666 5535; x_wconf 85' lang='lat' dir='ltr'>capite</span> <span class='ocrx_word' id='word_1_924' title='bbox 1681 5464 1812 5535; x_wconf 72' lang='lat' dir='ltr'>vigesimo</span> 
     </span>
     <span class='ocr_line' id='line_1_112' title="bbox 168 5483 1792 5608; baseline -0.004 -13"><span class='ocrx_word' id='word_1_925' title='bbox 168 5541 221 5596; x_wconf 90' lang='lat' dir='ltr'>hoc</span> <span class='ocrx_word' id='word_1_926' title='bbox 231 5483 375 5594; x_wconf 67' lang='lat' dir='ltr'>conci)ium</span> <span class='ocrx_word' id='word_1_927' title='bbox 389 5546 585 5602; x_wconf 80' lang='lat' dir='ltr'>convenerunt,</span> <span class='ocrx_word' id='word_1_928' title='bbox 608 5554 669 5592; x_wconf 91' lang='lat' dir='ltr'>uam</span> <span class='ocrx_word' id='word_1_929' title='bbox 686 5540 766 5608; x_wconf 80' lang='lat' dir='ltr'>liujus</span> <span class='ocrx_word' id='word_1_930' title='bbox 779 5536 886 5607; x_wconf 78' lang='lat' dir='ltr'>atridem</span> <span class='ocrx_word' id='word_1_931' title='bbox 916 5550 964 5589; x_wconf 91' lang='lat' dir='ltr'>oc·</span> <span class='ocrx_word' id='word_1_932' title='bbox 1019 5547 1117 5592; x_wconf 82' lang='lat' dir='ltr'>actare</span> <span class='ocrx_word' id='word_1_933' title='bbox 1134 5535 1199 5594; x_wconf 77' lang='lat' dir='ltr'>,iilo</span> <span class='ocrx_word' id='word_1_934' title='bbox 1213 5535 1299 5590; x_wconf 89' lang='lat' dir='ltr'>omnio</span> <span class='ocrx_word' id='word_1_935' title='bbox 1311 5534 1397 5588; x_wconf 82' lang='lat' dir='ltr'>dirim</span> <span class='ocrx_word' id='word_1_936' title='bbox 1408 5534 1510 5605; x_wconf 77' lang='lat' dir='ltr'>jndicio</span> <span class='ocrx_word' id='word_1_937' title='bbox 1524 5535 1660 5591; x_wconf 82' lang='lat' dir='ltr'>dindeirre.</span> <span class='ocrx_word' id='word_1_938' title='bbox 1678 5541 1792 5591; x_wconf 68' lang='lat' dir='ltr'>aranee.</span> 
     </span>
     <span class='ocr_line' id='line_1_113' title="bbox 169 5603 1814 5680; baseline -0.007 -10"><span class='ocrx_word' id='word_1_939' title='bbox 169 5613 280 5670; x_wconf 84' lang='lat' dir='ltr'>cesione</span> <span class='ocrx_word' id='word_1_940' title='bbox 298 5608 419 5674; x_wconf 90' lang='lat' dir='ltr'>concilii,</span> <span class='ocrx_word' id='word_1_941' title='bbox 434 5610 481 5664; x_wconf 89' lang='lat' dir='ltr'>scd</span> <span class='ocrx_word' id='word_1_942' title='bbox 495 5613 606 5665; x_wconf 86' lang='lat' dir='ltr'>eosdem</span> <span class='ocrx_word' id='word_1_943' title='bbox 623 5619 712 5663; x_wconf 89' lang='lat' dir='ltr'>tamen</span> <span class='ocrx_word' id='word_1_944' title='bbox 724 5623 818 5663; x_wconf 88' lang='lat' dir='ltr'>omnes</span> <span class='ocrx_word' id='word_1_945' title='bbox 836 5615 882 5662; x_wconf 89' lang='lat' dir='ltr'>aut</span> <span class='ocrx_word' id='word_1_946' title='bbox 908 5609 966 5673; x_wconf 91' lang='lat' dir='ltr'>ple·</span> <span class='ocrx_word' id='word_1_947' title='bbox 1053 5607 1111 5680; x_wconf 83' lang='lat' dir='ltr'>(ii)</span> <span class='ocrx_word' id='word_1_948' title='bbox 1128 5606 1216 5662; x_wconf 85' lang='lat' dir='ltr'>Talem</span> <span class='ocrx_word' id='word_1_949' title='bbox 1231 5622 1335 5661; x_wconf 79' lang='lat' dir='ltr'>caream</span> <span class='ocrx_word' id='word_1_950' title='bbox 1352 5603 1407 5661; x_wconf 87' lang='lat' dir='ltr'>Deo</span> <span class='ocrx_word' id='word_1_951' title='bbox 1422 5616 1544 5662; x_wconf 82' lang='lat' dir='ltr'>seruaret.</span> <span class='ocrx_word' id='word_1_952' title='bbox 1564 5608 1742 5677; x_wconf 81' lang='lat' dir='ltr'>lielioqoeret</span> <span class='ocrx_word' id='word_1_953' title='bbox 1766 5603 1814 5658; x_wconf 77' lang='lat' dir='ltr'>liei</span> 
     </span>
     <span class='ocr_line' id='line_1_114' title="bbox 169 5678 1255 5754; baseline -0.005 -15"><span class='ocrx_word' id='word_1_954' title='bbox 169 5699 270 5754; x_wconf 79' lang='lat' dir='ltr'>reisque</span> <span class='ocrx_word' id='word_1_955' title='bbox 283 5683 392 5746; x_wconf 90' lang='lat' dir='ltr'>saltem,</span> <span class='ocrx_word' id='word_1_956' title='bbox 418 5683 444 5733; x_wconf 91' lang='lat' dir='ltr'>iu</span> <span class='ocrx_word' id='word_1_957' title='bbox 465 5680 609 5748; x_wconf 84' lang='lat' dir='ltr'>posteriori</span> <span class='ocrx_word' id='word_1_958' title='bbox 633 5679 749 5748; x_wconf 82' lang='lat' dir='ltr'>ortorlom</span> <span class='ocrx_word' id='word_1_959' title='bbox 763 5679 878 5734; x_wconf 85' lang='lat' dir='ltr'>correilio</span> <span class='ocrx_word' id='word_1_960' title='bbox 901 5692 967 5732; x_wconf 84' lang='lat' dir='ltr'>corr·</span> <span class='ocrx_word' id='word_1_961' title='bbox 1015 5678 1126 5749; x_wconf 79' lang='lat' dir='ltr'>(udicio.</span> <span class='ocrx_word' id='word_1_962' title='bbox 1144 5678 1182 5733; x_wconf 82' lang='lat' dir='ltr'>tto</span> <span class='ocrx_word' id='word_1_963' title='bbox 1196 5679 1255 5734; x_wconf 84' lang='lat' dir='ltr'>Pan.</span> 
     </span>
     <span class='ocr_line' id='line_1_115' title="bbox 171 5745 1817 5827; baseline -0.006 -17"><span class='ocrx_word' id='word_1_964' title='bbox 171 5748 764 5827; x_wconf 73' lang='lat' dir='ltr'>praeatussclrisroatisauctoresextitiasc;</span> <span class='ocrx_word' id='word_1_965' title='bbox 793 5751 854 5816; x_wconf 83' lang='lat' dir='ltr'>ortis</span> <span class='ocrx_word' id='word_1_966' title='bbox 877 5758 967 5804; x_wconf 89' lang='lat' dir='ltr'>tamen</span> <span class='ocrx_word' id='word_1_967' title='bbox 1054 5750 1116 5822; x_wconf 75' lang='lat' dir='ltr'>(ts)</span> <span class='ocrx_word' id='word_1_968' title='bbox 1141 5749 1193 5816; x_wconf 85' lang='lat' dir='ltr'>Qoi</span> <span class='ocrx_word' id='word_1_969' title='bbox 1212 5758 1402 5804; x_wconf 83' lang='lat' dir='ltr'>rearanrcruat.</span> <span class='ocrx_word' id='word_1_970' title='bbox 1428 5749 1548 5802; x_wconf 78' lang='lat' dir='ltr'>delerant</span> <span class='ocrx_word' id='word_1_971' title='bbox 1572 5747 1599 5800; x_wconf 93' lang='lat' dir='ltr'>io</span> <span class='ocrx_word' id='word_1_972' title='bbox 1624 5747 1670 5800; x_wconf 92' lang='lat' dir='ltr'>illo</span> <span class='ocrx_word' id='word_1_973' title='bbox 1701 5745 1817 5800; x_wconf 87' lang='lat' dir='ltr'>coneilio</span> 
     </span>
     <span class='ocr_line' id='line_1_116' title="bbox 172 5815 1821 5900; baseline -0.007 -20"><span class='ocrx_word' id='word_1_974' title='bbox 172 5828 264 5885; x_wconf 85' lang='lat' dir='ltr'>credat</span> <span class='ocrx_word' id='word_1_975' title='bbox 279 5826 420 5900; x_wconf 84' lang='lat' dir='ltr'>Optatam,</span> <span class='ocrx_word' id='word_1_976' title='bbox 436 5822 500 5878; x_wconf 88' lang='lat' dir='ltr'>duan</span> <span class='ocrx_word' id='word_1_977' title='bbox 517 5830 608 5878; x_wconf 87' lang='lat' dir='ltr'>rrarrat</span> <span class='ocrx_word' id='word_1_978' title='bbox 626 5820 670 5875; x_wconf 92' lang='lat' dir='ltr'>illa</span> <span class='ocrx_word' id='word_1_979' title='bbox 681 5836 740 5892; x_wconf 79' lang='lat' dir='ltr'>qiam</span> <span class='ocrx_word' id='word_1_980' title='bbox 754 5819 872 5876; x_wconf 87' lang='lat' dir='ltr'>schisma</span> <span class='ocrx_word' id='word_1_981' title='bbox 897 5835 967 5891; x_wconf 77' lang='lat' dir='ltr'>prae·</span> <span class='ocrx_word' id='word_1_982' title='bbox 1019 5820 1162 5876; x_wconf 82' lang='lat' dir='ltr'>tlrrodeciro</span> <span class='ocrx_word' id='word_1_983' title='bbox 1177 5822 1308 5890; x_wconf 81' lang='lat' dir='ltr'>episcopi,</span> <span class='ocrx_word' id='word_1_984' title='bbox 1323 5829 1352 5874; x_wconf 94' lang='lat' dir='ltr'>ut</span> <span class='ocrx_word' id='word_1_985' title='bbox 1365 5828 1438 5889; x_wconf 89' lang='lat' dir='ltr'>patet</span> <span class='ocrx_word' id='word_1_986' title='bbox 1450 5819 1477 5872; x_wconf 92' lang='lat' dir='ltr'>in</span> <span class='ocrx_word' id='word_1_987' title='bbox 1488 5816 1643 5882; x_wconf 80' lang='lat' dir='ltr'>breviculo,</span> <span class='ocrx_word' id='word_1_988' title='bbox 1668 5816 1758 5886; x_wconf 90' lang='lat' dir='ltr'>capite</span> <span class='ocrx_word' id='word_1_989' title='bbox 1771 5815 1821 5869; x_wconf 88' lang='lat' dir='ltr'>dc·</span> 
     </span>
    </p>
   </div>
   <div class='ocr_carea' id='block_1_21' title="bbox 0 0 2080 6164">
    <p class='ocr_par' dir='ltr' id='par_1_28' title="bbox 0 0 2080 6164">
     <span class='ocr_line' id='line_1_117' title="bbox 0 0 2080 6164; baseline 0 0"><span class='ocrx_word' id='word_1_990' title='bbox 0 0 2080 6164; x_wconf 95' lang='lat' dir='ltr'> </span> 
     </span>
    </p>
   </div>
  </div>
 </body>
</html>
