4142 6175
110 1436 119 1447 ,
213 1390 305 1443 serrat
319 1379 474 1437 Honoratus
485 1392 500 1432 a
511 1375 542 1433 S.
556 1376 651 1445 llario,
663 1374 705 1433 tir
714 1374 750 1433 de
762 1390 793 1432 re
807 1373 902 1433 critica
913 1374 1016 1446 optione

213 257 263 317 cst
774 246 819 305 ns
845 194 1290 303 stncnzsuontsntoctn
1813 232 1865 294 ess

212 371 320 431 llatuasi
334 378 393 437 cst3
414 382 471 441 nuo
485 367 512 423 iu
527 364 597 425 libro
618 363 687 421 iolsa
701 405 708 429 ,
733 371 817 433 stone
837 361 943 427 locem
957 359 1053 421 nonA
1101 356 1213 412 conatu
1226 356 1354 427 igiturex
1367 354 1626 434 ltisqnnbacteuus
1641 350 1820 408 disseruimus
1832 352 1867 406 ab

213 477 300 535 pauca
317 461 491 532 reperiuntur
503 454 658 514 coullrntari
673 468 728 509 nott
739 467 832 524 pesse.
856 451 877 508 l.
893 451 923 508 lo
942 450 1020 507 Poe·
1063 466 1123 508 eto
1136 450 1334 522 apostolorum,
1360 448 1529 506 sesecundo
1548 445 1673 504 eeclesiae
1692 444 1805 511 sacculo,
1822 459 1869 515 pc

213 554 307 611 tisscoli
320 550 429 607 Damasi
441 564 457 603 a
468 546 601 605 bollando
613 544 702 612 edito,
719 543 763 601 ebt
777 542 937 615 pontiilcuns
950 542 1014 598 ultas
1064 544 1199 599 tissimum
1227 558 1293 600 uero
1317 544 1398 600 tertio
1416 542 1554 614 publicas,
1582 553 1615 595 ac
1640 538 1798 615 frequentes
1816 538 1866 593 lta·

214 660 300 721 uspne
315 645 349 701 atl
362 619 481 699 Felicem
496 636 531 695 tu
552 635 795 710 digerentem
805 635 919 693 miniato
935 649 1015 706 repe·
1064 634 1156 693 bnisse
1170 635 1339 691 Citristisnos
1358 634 1497 700 ecclesias,
1519 630 1730 702 preetpoerero
1746 630 1867 687 Alexan·

213 736 272 801 rjai.
289 731 508 793 bobintiooibns
528 729 612 803 igitur
624 724 931 795 llllsmnotliontissis,
954 740 1015 798 quas
1064 727 1115 784 dro
1129 742 1162 784 ac
1184 726 1318 800 Philippis
1337 726 1545 799 imperantibus.
1566 724 1596 782 S.
1611 724 1703 799 itaque
1727 723 1868 781 lenonem

211 828 343 893 cardinali
356 828 450 893 sone.
466 825 603 892 Eusebio,
614 838 648 881 ac
660 822 793 894 Gregorio
807 820 922 878 Nisaeoo
934 834 1015 893 agga·
1065 822 1210 879 occasione
1229 837 1307 878 noun
1319 828 1484 877 constructe
1506 818 1629 875 ecclesie
1646 830 1802 874 sermonem
1819 815 1870 873 ba·

212 923 249 988 rll
281 920 355 977 nullu
378 917 580 975 dubitationum
605 929 717 971 suornm
744 912 861 968 adducta
886 911 1014 978 tatione,
1066 919 1195 985 bootem,
1221 927 1348 989 quartum
1368 915 1497 972 seculum
1516 912 1639 985 attigisse
1654 911 1767 969 minime
1784 926 1867 983 repn-

212 1030 273 1095 qoe
283 1003 1016 1073 monaumcsiaeediuetnenemncettxntransui·
1067 1010 1178 1067 tandum
1205 1018 1270 1076 est,
1299 1024 1362 1065 cnut
1386 1006 1566 1065 ecelesiarum
1596 1005 1814 1061 constructiones
1836 1017 1869 1059 ea

211 1106 299 1165 berirtt
313 1104 408 1165 Recte
420 1103 519 1159 lactant
533 1099 644 1173 obiecit.
655 1099 786 1157 ulluuluu
799 1096 1014 1155 consideremus.
1066 1115 1163 1175 etate,
1181 1120 1234 1177 qna
1254 1103 1407 1161 Veronensi
1426 1099 1560 1159 Ecclesiae
1583 1106 1719 1170 preerat,
1735 1097 1828 1170 plures
1841 1096 1869 1153 in

249 1200 289 1259 De
312 1195 481 1261 Publifluli.
505 1203 536 1253 ut
555 1193 720 1266 perbibent,
750 1192 877 1259 uentu,
901 1191 1016 1263 eiusque
1065 1196 1257 1253 Ecclesiastico
1278 1194 1394 1251 historia
1415 1200 1618 1250 recenseantur.

211 1291 374 1351 auctoritate
396 1288 469 1349 naria
490 1284 712 1345 estTillemontii
735 1284 886 1350 uolentia,
910 1283 939 1340 ta
966 1285 1016 1342 ob-
1102 1328 1870 1401 MumcongeruntDominimuefiuiimummquidem

1067 1425 1222 1485 eruditione
1248 1427 1276 1485 in
1300 1425 1464 1491 Bononiam,
1477 1425 1616 1483 Pereltnm
1629 1433 1657 1481 et
1669 1423 1826 1496 Barettatn,
1842 1433 1872 1481 ut

1068 1520 1212 1575 eeclesiam
1242 1519 1358 1580 Veronae
1381 1516 1588 1575 nottestane.
1604 1517 1723 1575 Zenonis
1748 1529 1873 1588 ternpore

1068 1610 1205 1683 publicam
1232 1610 1329 1680 inisse,
1355 1610 1543 1669 demonstrent
1568 1609 1618 1684 (d.
1634 1609 1745 1666 biens.
1760 1624 1780 1677 t,
1805 1608 1872 1676 ci,

1032 1702 1098 1812 Bp.
1112 1706 1129 1760 l
1141 1715 1168 1759 et
1183 1703 1224 1775 5).
1238 1702 1294 1761 iios
1305 1703 1361 1774 J'atn
1381 1716 1409 1761 ot
1423 1704 1450 1761 itt
1465 1702 1591 1760 universe
1614 1702 1736 1758 Ecclesia
1751 1701 1874 1772 publicas

214 1473 338 1539 meritus,
354 1470 573 1539 Carmelitarnm,
596 1483 666 1541 qnos
677 1467 850 1525 excalceatos
865 1468 1015 1540 appellant,

211 1565 347 1623 alumnus.
366 1562 558 1621 Tillemontius
572 1560 707 1633 siqnidem
719 1559 955 1617 curnPontiilcalie
968 1575 1015 1617 au·

211 1659 337 1715 ctoritate
351 1656 473 1733 indiget,
496 1670 561 1713 suas
576 1654 610 1711 ad
623 1651 803 1711 adstruendae
818 1653 962 1724 opiniones
984 1652 1017 1710 il·

212 1751 259 1809 lutl
272 1749 462 1815 consulendam
478 1748 503 1804 si
523 1762 589 1805 vcro
608 1746 769 1805 adversetur
795 1747 910 1818 spernit.
940 1744 1017 1801 Tille-

213 1844 325 1903 ntonut'ns
359 1841 409 1917 (ita
434 1839 558 1897 laudatus
580 1839 689 1910 auctor)
717 1837 809 1895 lodice
833 1840 883 1894 boc
902 1839 1019 1895 maian

216 1938 299 1993 obitus
312 1934 490 2008 speculorum
503 1933 714 1991 constituendum
728 1948 794 2002 opus
807 1932 921 1998 boiens,
943 1931 1020 1988 illust

216 2049 269 2093 non
281 2032 336 2089 rinc
349 2029 427 2090 laude
446 2029 573 2085 nominet.
586 2025 642 2085 seu
657 2039 719 2081 cutn
736 2024 809 2083 idem
831 2025 867 2080 ab
886 2024 945 2096 ejus
959 2026 1020 2097 opi·

217 2126 300 2187 niorto
321 2121 458 2179 dissentiat
473 2121 506 2175 tle
525 2135 594 2177 enno
617 2119 702 2175 esitus
723 2117 921 2189 omentorum,
946 2133 1022 2186 qoem

217 2215 399 2273 Tilietnontiuc
422 2213 449 2269 t'n
472 2208 795 2277 nenecessitatem
816 2209 844 2264 in
856 2207 1020 2277 annuendi,
1073 2167 1157 2227 ⁰¹⁰⁵i³
1178 2169 1213 2229 de
1227 2184 1280 2240 ‘¹¹¹³
1295 2169 1414 2240 'mmm‘
1436 2168 1465 2227 δ’
1480 2167 1553 2227 ²⁰¹¹⁰
1576 2167 1670 2227 infesti
1691 2184 1746 2224 ”⁰¹¹
1766 2179 1874 2273 P⁰¹f⁸⁸r

217 2309 340 2367 ,nemim
359 2305 475 2363 uadum·
496 2313 603 2370 tum...,
636 2317 732 2374 pamm
761 2300 846 2359 mser,
869 2301 1021 2374 (subjicit)
1074 2262 1439 2335 quattosaeculoserntonem
1452 2259 1562 2319 bones.
1576 2259 1723 2319 Praesulem
1734 2260 1873 2319 babuisse.

219 2402 283 2475 quid
300 2400 382 2463 lodex
396 2398 440 2455 ltic
454 2404 555 2465 narret,
573 2405 676 2451 tenere.
694 2392 779 2453 Totus
792 2391 864 2451 enim
880 2392 908 2450 ln
928 2407 1024 2450 errore
1110 2399 1212 2458 contra
1230 2402 1377 2458 baronium
1392 2410 1483 2458 atttem
1507 2408 1619 2474 agentes
1634 2400 1714 2461 lidctn
1729 2401 1875 2460 clarissimi

220 2496 256 2550 ad
278 2493 410 2555 atberun
425 2503 510 2563 usnuu
530 2497 704 2555 senatur...,
728 2483 859 2543 Buluul'uu
874 2484 952 2559 dulim
964 2481 1023 2539 Du·
1075 2496 1128 2552 riri
1147 2510 1208 2552 eam
1228 2497 1400 2567 potissltnom
1423 2495 1559 2553 rationem
1587 2502 1705 2568 urgent,
1731 2494 1874 2554 baronium

225 2586 291 2643 mnu
304 2582 470 2656 Pontipccb't
482 2581 636 2641 auctoritaie
648 2580 803 2651 cauditum
816 2581 906 2638 ufiifuu
915 2619 924 2649 r
934 2578 1023 2637 Gustu·
1076 2591 1181 2649 seilicet
1193 2606 1227 2647 es
1249 2590 1291 2646 bis
1316 2590 1346 2647 S.
1362 2588 1481 2648 Zenonis
1501 2589 1592 2647 serbis
1603 2608 1610 2644 τ
1623 2591 1674 2646 Ant
1697 2590 1816 2659 nnllam,
1832 2598 1877 2648 ant

225 2694 281 2743 tunt
304 2678 452 2752 pellificum
476 2674 557 2733 aedent
576 2674 664 2733 unte
688 2674 789 2751 Vt'rpint'
822 2686 893 2732 trans
911 2674 1025 2736 Tiberina
1081 2700 1218 2759 porrorum
1241 2692 1280 2741 est
1292 2700 1338 2755 per
1351 2699 1452 2741 emnem
1464 2682 1612 2743 Ecclesiam
1632 2683 1681 2741 Dei
1694 2684 1879 2743 notionisleei

224 2778 423 2837 commendam
436 2791 551 2833 Ollium·
576 2775 609 2833 dd
628 2772 808 2831 Tillemoult'us
826 2772 936 2837 berilus,
951 2786 985 2825 ild
996 2770 1025 2826 dd
1080 2782 1233 2850 membrum,
1247 2778 1321 2851 quod
1335 2781 1416 2851 pouit
1427 2782 1518 2855 quani,
1530 2780 1608 2839 mim
1628 2781 1656 2836 5η
1669 2796 1697 2835 ee
1709 2779 1879 2853 mmmmm.

228 2875 362 2931 “busitu
372 2888 429 2929 uuoe
442 2871 475 2935 da
489 2871 575 2927 Nuda
591 2870 696 2943 Vimine
711 2867 809 2940 Eubuli
821 2868 964 2938 alumenu
980 2865 1024 2920 du·
1077 2872 1233 2928 idololatrae
1245 2871 1343 2927 edibus
1360 2888 1427 2927 nunc
1446 2888 1525 2944 resque
1537 2872 1699 2942 annuentes
1713 2872 1859 2943 comparari
1867 2914 1877 2940 ,

1072 1890 1201 1947 cultatem
1222 1904 1236 1944 a
1261 1889 1439 1947 Constantino
1459 1890 1623 1961 imperatore
1646 1886 1807 1945 Christianis
1825 1889 1873 1947 da·

1072 1992 1127 2041 tato
1146 1982 1278 2041 ecclesias
1300 1980 1470 2050 aedificandi,
1494 1991 1522 2038 ut
1541 1983 1592 2055 ipsi
1618 1981 1804 2047 contendunt,
1825 1981 1874 2038 red

1073 2084 1101 2133 et
1117 2075 1198 2132 tertio
1212 2074 1395 2148 potissimmn
1409 2075 1530 2140 saeculo;
1551 2089 1635 2146 quare
1654 2089 1687 2131 cr
1703 2074 1811 2146 publica
1830 2089 1875 2131 ee·

225 2969 345 3024 trimento
357 2974 434 3033 uuus
458 2968 533 3038 ΜΝ
544 2978 596 3021 '¹⁰⁸⁸
611 2961 692 3019 lilim
704 2970 898 3019 mouumentum
911 2969 966 3028 set,
990 2957 1026 3013 dli
1078 2965 1221 3033 collegisse
1234 2963 1262 3020 S.
1275 2963 1413 3020 Zenonem
1427 2962 1508 3035 buius
1527 2964 1663 3020 sermonis
1675 2974 1808 3018 cunamen
1820 2973 1880 3019 onte

225 3063 306 3134 puisse
318 3059 442 3131 ternplum
456 3056 579 3131 Deiporte
593 3065 788 3123 consecrarunt,
804 3056 874 3128 qnod
887 3072 967 3112 sumn
980 3068 1025 3130 per
1078 3056 1241 3117 Constantini
1254 3068 1369 3129 temporo
1383 3057 1526 3123 claruisse,
1542 3056 1638 3131 qnippe
1652 3055 1722 3129 quod
1737 3059 1815 3132 iujos
1829 3057 1880 3112 int-

225 3172 256 3212 es
269 3165 384 3227 ternpore
396 3153 584 3223 ipsiusnonten
597 3165 652 3222 prta
663 3166 691 3205 se
705 3152 782 3217 ferret
792 3164 802 3206 .·
814 3148 867 3206 itoc
881 3158 959 3219 pacto
974 3147 1022 3203 lta·
1037 3139 1061 3204 C
1078 3154 1206 3225 perctaris
1220 3168 1309 3225 opero,
1325 3148 1416 3206 Rome
1438 3151 1579 3223 presertim
1593 3150 1785 3222 eopnsslssinne
1802 3143 1879 3204 Besi-

226 3246 341 3305 lendarii
357 3244 549 3316 liujusaccipit
564 3242 907 3306 testimoniumrestanta,
922 3242 1025 3299 minuta
1079 3248 1136 3303 lice
1160 3254 1250 3301 erecte
1270 3251 1384 3317 puerunt.
1415 3239 1520 3315 Optime
1544 3237 1647 3316 paridem
1662 3243 1672 3316 (
1680 3253 1880 3315 prosequuntur

227 3341 295 3398 adeo
307 3340 485 3404 auctoritate,
501 3336 590 3408 qualis
612 3342 654 3398 est
675 3334 842 3392 Pontiboalit
863 3334 1024 3403 Damasi..·,
1077 3339 1129 3409 lpsi
1141 3339 1183 3410 lsi
1195 3338 1298 3394 nullutn
1313 3345 1418 3393 tntttunt
1431 3336 1561 3392 orationis
1571 3334 1674 3403 locum,
1686 3336 1879 3392 contidolornnt

226 3431 387 3498 auctoritas,
402 3428 489 3485 fulciri
501 3443 556 3484 nott
568 3426 660 3486 deleat.
1079 3432 1178 3488 cedibus
1202 3433 1349 3504 comparari
1368 3447 1443 3504 porse
1456 3441 1546 3486 auctor
1570 3432 1730 3502 opinionem,
1747 3447 1797 3488 raon
1821 3448 1880 3487 otro

262 3521 448 3582 Pontilicalctn
472 3521 571 3578 librum
595 3535 650 3576 non
673 3519 743 3576 adeo
766 3527 957 3589 mntempsere
976 3519 1028 3598 tiri
1079 3542 1137 3582 cnm
1164 3526 1206 3583 rel
1222 3539 1379 3598 perrarum,
1394 3523 1594 3581 eddiditrltinc
1615 3526 1683 3580 enirn
1701 3523 1817 3596 obesam
1831 3528 1881 3582 nli-

230 3616 319 3687 tuassni
331 3615 359 3672 iu
374 3613 507 3672 litteraria
527 3611 666 3684 republica
681 3611 812 3677 remittis,
833 3600 1025 3678 Blanebinlos',
1080 3619 1139 3675 cubi
1167 3618 1311 3675 Ecclesium
1338 3619 1601 3692 mupnlficenlissimis
1624 3618 1753 3674 idolorum
1766 3611 1880 3693 'tentplt's

227 3721 309 3781 atone
323 3707 528 3775 schelstratius,
549 3706 719 3778 utantiquos
731 3707 870 3773 omittam,
889 3717 972 3777 atque
993 3722 1027 3763 cs
1080 3725 1240 3783 monoptota
1255 3710 1345 3766 cedere
1360 3712 1423 3766 solil
1446 3711 1577 3785 inteilipit.
1603 3709 1719 3766 utillud
1742 3711 1879 3783 precipua

229 3802 406 3862 bcnrodnsis
420 3802 487 3876 ipsis
497 3816 553 3858 non
571 3815 682 3873 pancos,
698 3815 767 3873 quos
786 3801 858 3857 inter
872 3801 1029 3859 blondellus
1081 3801 1318 3862 attimadrersione
1334 3802 1360 3858 itt
1376 3801 1428 3858 ltoc
1439 3813 1481 3859 est
1496 3802 1698 3860 observandum
1711 3800 1795 3875 (otton
1816 3803 1882 3875 ipsi·

130 3919 135 3928 ·
229 3896 328 3954 merito
342 3893 547 3960 numeranduss
562 3892 610 3950 sed
626 3893 699 3966 qttnd
712 3904 818 3965 spectat
831 3893 866 3949 sd
884 3895 1029 3950 ecclesintn
1082 3903 1139 3952 met
1151 3893 1295 3969 adnotant)
1310 3896 1394 3951 rerba
1411 3893 1457 3950 illa
1471 3896 1559 3967 quone
1572 3894 1648 3949 ruisse
1661 3894 1690 3948 in
1704 3908 1731 3948 se
1749 3897 1883 3969 munerati·

230 3988 259 4046 S.
271 3987 363 4044 Mariae
377 3995 452 4043 ltutts
475 3984 597 4042 Tiberim
611 3986 733 4043 Romana
749 3985 854 4041 collato
865 3985 894 4042 S.
911 3985 944 4041 tt.
958 3995 1030 4042 tent·
1083 3989 1129 4043 bus
1142 3986 1298 4043 idololotricc
1307 3983 1406 4042 cedibus
1418 3977 1647 4057 comparationem
1659 3984 1801 4042 iuslllnetc
1812 3987 1883 4042 inter

231 4096 300 4153 pore
323 4078 470 4138 Alexandri
494 4078 668 4149 imperatoris
687 4086 895 4146 constructam,
918 4077 1030 4150 conice·
1081 4078 1294 4137 Christianorum
1319 4078 1468 4148 ecclesias,
1493 4087 1521 4135 et
1540 4077 1676 4134 idolorum
1703 4078 1805 4150 templa
1828 4094 1882 4135 noo

231 4182 302 4230 turae
315 4187 411 4230 omttes
423 4169 561 4230 historice
579 4170 660 4242 ltujtts
671 4171 834 4242 potttillealis
846 4171 1030 4227 narrationem
1083 4173 1199 4244 luteam,
1215 4169 1264 4227 sed
1278 4170 1364 4227 ruinis
1386 4169 1497 4237 diruts,
1513 4168 1550 4226 ita
1571 4180 1601 4226 ot
1622 4169 1753 4226 Ecclesiae
1769 4185 1823 4227 non
1839 4186 1884 4230 es-

231 4266 405 4326 confirmant.
430 4264 541 4323 &mma
567 4264 679 4321 libertas
700 4265 736 4320 ab
749 4263 845 4320 ettdem
867 4264 1032 4335 imperatore
1083 4275 1144 4324 sent
1163 4264 1372 4337 comparante,
1394 4281 1425 4320 ne
1439 4264 1503 4320 dum
1523 4280 1581 4320 eunt
1605 4265 1729 4322 stantibus
1754 4266 1884 4328 idolorum

231 4357 394 4418 (ibristianis
408 4370 540 4416 oottcessa
550 4355 623 4413 circa
635 4356 775 4429 religionis
783 4353 1032 4429 exercitiumqootl
1084 4360 1196 4434 templis,
1208 4358 1253 4416 red
1262 4375 1294 4414 ne
1308 4372 1366 4413 eum
1380 4358 1493 4414 ruinosis
1511 4356 1615 4428 quidem
1628 4372 1637 4414 .·
1649 4357 1702 4415 bec
1715 4373 1779 4415 nero
1801 4373 1883 4417 settsu

232 4465 261 4512 at
284 4452 475 4510 Tillemontius
491 4447 552 4522 ipse
569 4448 680 4507 latetur.
701 4450 789 4509 Locus
812 4460 888 4508 trans
911 4450 1032 4508 Tiberim
1084 4455 1213 4525 coisnon
1226 4451 1318 4519 dicat,
1342 4466 1393 4508 nos
1410 4453 1436 4508 itt
1458 4453 1549 4524 scirpo
1570 4451 1671 4508 nodum
1695 4467 1836 4525 querere,
1859 4452 1884 4510 si

232 4546 341 4619 adium
360 4544 516 4603 alexandro
535 4545 702 4616 imperatore
715 4545 877 4601 Cltristianls
900 4531 1203 4604 eoncessollssaronio
1226 4557 1457 4614 succenseamus,
1486 4545 1531 4617 qul
1561 4543 1620 4601 bec
1643 4544 1724 4602 verba
1752 4545 1884 4617 lentpori·

232 4655 267 4697 es
283 4638 431 4710 Lampridii
446 4638 612 4704 testimonio,
632 4645 662 4693 nt
675 4637 775 4693 ibidem
790 4638 839 4694 bei
853 4637 941 4692 cultus
954 4651 1033 4693 exer·
1087 4640 1138 4696 bns
1162 4646 1227 4695 ante
1240 4638 1450 4694 Constantinum
1472 4637 1619 4694 convenire
1643 4638 1705 4710 juro
1725 4653 1757 4694 ac
1785 4641 1884 4700 merito

233 4743 351 4792 caretur.
366 4731 448 4790 Certe
463 4731 531 4789 nulll
549 4731 597 4787 alii
615 4730 675 4786 usui
689 4745 751 4787 esse
764 4738 869 4801 poterat
885 4729 962 4785 loeus
976 4731 1031 4798 ille,
1087 4738 1173 4802 potat.
1188 4730 1255 4787 llam
1271 4730 1293 4786 si
1317 4736 1380 4801 post
1389 4728 1559 4784 Constantini
1584 4739 1705 4801 tempora
1730 4731 1886 4801 scripsisset

235 4827 288 4881 nisi
301 4826 336 4880 sd
350 4824 487 4896 publicato
502 4821 649 4878 ecclesiam
666 4819 874 4887 aedificandam
890 4821 913 4876 si
933 4819 1033 4877 etenlnt
1088 4824 1172 4892 zeno,
1199 4835 1290 4879 nonne
1314 4823 1366 4878 bac
1391 4824 1536 4879 occasione
1560 4820 1731 4880 Constantini
1756 4826 1884 4896 pietatem

236 4917 350 4991 privatis
373 4914 553 4972 conventibus
572 4913 657 4969 lleutn
680 4911 935 4970 cnlererololssent
952 4911 1033 4970 (iltrl-
1088 4916 1271 4983 celebrasset,
1300 4913 1346 4985 qui
1377 4913 1510 4986 deject-ont
1535 4914 1633 4971 Cltristi
1661 4915 1821 4988 religionem
1847 4925 1885 4974 tot

1070 1796 1268 1869 seireqnetttes
1278 1796 1363 1855 luisse
1374 1797 1630 1855 demonstrauimus.
1642 1797 1677 1852 at
1688 1809 1741 1852 non
1754 1805 1818 1867 post
1833 1796 1871 1852 ia·
1947 1833 1957 1844 ·

235 5008 328 5075 atiani,
352 5005 419 5077 ipsis
441 5013 560 5062 utreete
584 5002 702 5061 advertit
729 5003 871 5072 baronius,
900 5006 1036 5078 eontplnro
1087 5007 1261 5080 amplissimis
1287 5006 1396 5078 templis
1417 5007 1576 5064 decorarint
1602 5008 1635 5064 Et
1657 5019 1805 5081 ottopacto
1827 5011 1886 5068 sine
1982 4995 1987 4998 ⁵

235 5100 337 5172 peseto
350 5097 408 5153 loen
427 5100 461 5153 od
474 5097 502 5153 id
517 5083 581 5168 opus
594 5097 683 5153 deesse
694 5111 746 5151 oon
764 5097 916 5167 potuissene.
931 5096 971 5153 llo
986 5111 1036 5167 pu·
1087 5100 1198 5158 inuidiae
1215 5111 1277 5158 nota
1301 5100 1432 5172 potuisset
1445 5099 1476 5158 S.
1503 5101 1624 5158 Anticles
1650 5101 1816 5159 Veronensis
1841 5119 1886 5160 ns·

236 5194 338 5252 blicam
351 5191 443 5262 itaque
461 5191 638 5247 astruendam
655 5189 959 5248 ecclesiamlocuutsibl
974 5206 1037 5246 con·
1087 5207 1191 5261 serere,
1217 5192 1346 5250 eeclesias
1373 5190 1597 5250 Christianorum
1617 5205 1679 5264 post
1703 5193 1842 5251 dilatatam
1869 5212 1886 5252 a

237 5285 298 5343 oedi
318 5284 468 5356 petierunt,
493 5291 523 5338 nt
542 5281 581 5339 ibi
599 5283 769 5354 potissimum
789 5282 912 5355 lleiparac
933 5281 1038 5355 Virgini
1086 5286 1268 5344 fflnsnntlnc
1281 5286 1454 5359 religionem,
1469 5302 1505 5344 ne
1527 5287 1765 5360 ruinosisquidem
1776 5301 1886 5361 compa·

239 5377 383 5435 anienem
397 5375 565 5446 excitarent,
587 5376 704 5451 obiciet
722 5378 785 5435 lons
797 5377 831 5435 atl
841 5387 948 5451 partum
962 5382 1037 5449 elus·
1086 5381 1186 5437 candae
1199 5393 1262 5437 esse
1278 5379 1413 5438 idolorum
1427 5379 1558 5452 templis?
1577 5380 1670 5452 Neque
1682 5381 1821 5437 alluelttati
1836 5381 1888 5438 Pe-

239 5474 303 5531 dctu
315 5472 513 5546 designandam
527 5471 657 5530 dlrinitus
671 5481 805 5530 ntsoarttt.
825 5471 884 5529 Non
900 5473 973 5529 enlm
984 5479 1036 5543 po-
1088 5482 1186 5543 retttts,
1212 5480 1241 5529 at
1267 5471 1378 5543 bagatta
1399 5472 1509 5529 dicendi
1524 5479 1598 5540 sunt,
1614 5473 1707 5544 quiex
1723 5473 1752 5531 S.
1768 5472 1887 5531 Zenonis

241 5566 368 5623 teretttin
380 5580 414 5622 eo
427 5565 489 5622 looo
507 5565 690 5623 caemeterium
704 5574 843 5633 extruere,
853 5575 915 5621 cutn
926 5575 960 5621 ex
970 5566 1040 5620 duo·
1089 5565 1265 5622 assertione:
1283 5562 1355 5620 Tenc
1369 5580 1420 5620 nen
1433 5566 1514 5637 [nese
1531 5565 1589 5636 leot
1612 5565 1706 5637 tnttplo
1729 5567 1888 5640 (conspicua

241 5656 331 5713 deoitn
340 5654 505 5722 Tabularum
515 5658 674 5731 praescripto
683 5656 779 5717 Ratun
789 5663 910 5716 mortuos
922 5655 1040 5728 sepellre
1090 5659 1195 5717 scillcet
1208 5658 1332 5733 edificia)
1348 5658 1503 5716 domnionis
1517 5667 1664 5715 constructo
1677 5659 1780 5731 opinati
1800 5669 1887 5733 sunt,

241 5752 449 5818 tutbunesset.
1097 5754 1194 5818 esdetn
1216 5752 1322 5818 ratione
1342 5767 1395 5826 qua
1416 5754 1447 5814 S.
1472 5751 1547 5826 Zeno
1568 5767 1620 5813 suo
1633 5751 1834 5824 aetowclcsias
1854 5770 1890 5823 no
