4142 6175
817 232 976 294 dulcuit
996 231 1275 296 uoddttsnnttttlt.
1814 232 1867 289 ιιι

200 208 270 306 ιιι

214 370 300 417 tatum
322 364 380 423 est,
395 367 422 412 et
436 355 545 428 quidam
558 368 665 419 eorum,
685 368 800 425 quorum
822 356 877 412 vita
902 354 1053 416 maeullsd
1104 353 1172 423 Quid
1186 366 1244 425 past
1263 353 1390 431 agitedum
1406 353 1550 408 ltonmrmm
1565 353 1592 406 in
1607 352 1698 422 Africa
1711 360 1820 423 gestam.
1834 382 1870 391 -

215 453 354 524 inquinata
376 460 453 514 erat,
474 447 623 504 secondum
643 449 716 521 leges
731 449 766 503 ab
788 453 895 506 actione
913 450 1014 520 repulsi
1068 446 1132 502 Post
1157 445 1229 502 istud
1253 445 1384 518 judicium
1404 444 1559 514 coningtsse
1583 453 1663 514 puto,
1691 444 1762 513 quod
1777 451 1871 517 narrat

215 553 289 603 sunt.
301 544 324 601 Α
337 544 443 600 ceteris
455 542 600 613 quaesitum
616 552 644 597 ut
659 552 742 598 testes
753 552 780 599 et
795 543 972 615 probationes
987 544 1014 598 in
1067 536 1197 609 Optatus,
1224 535 1272 592 ιιι.
1300 535 1356 609 r,§
1377 534 1424 619 id,
1448 536 1489 591 liis
1502 535 1613 591 rerhis:
1638 532 1738 589 Eodem
1757 546 1871 606 ternpore

216 634 389 695 Cucilianum
412 634 608 705 producerent.
627 643 683 689 turn
698 634 736 689 illi
755 634 821 689 nihil
836 636 862 689 in
878 651 939 690 enm
954 649 1016 706 pro-
1069 627 1138 683 idera
1154 626 1272 683 Dentatus
1295 628 1386 699 petiit,
1409 634 1436 680 at
1451 630 1472 681 ci
1487 625 1717 690 metonomice,
1740 624 1871 681 ‘lew
1951 708 1957 717 Ι

215 733 289 790 lerre
303 738 465 803 potuerunt;
483 730 532 787 sed
553 728 581 785 id
598 739 701 785 tantum
718 729 873 801 allegavere
895 727 1016 785 Caecilia·
1068 720 1251 794 Cartlraqinent
1264 721 1405 775 accederet.
1424 718 1497 774 Tenc
1511 735 1527 774 a
1539 717 1684 786 l'ttomtac,
1700 717 1872 793 suffragatore

215 843 281 884 num
311 826 347 885 ah
367 823 493 881 universa
522 822 601 894 plehe
627 820 833 894 Carthaginensi
860 830 1015 878 accusatam
1067 817 1134 886 eins,
1151 815 1299 886 imperatori
1314 824 1462 887 sapqcstarn
1476 822 1563 880 cst,at
1580 811 1647 867 tona
1667 812 1872 883 padttht'dt‘t·

215 918 311 974 luisse.
323 913 473 987 dijudices
493 912 575 985 hujus
590 913 771 969 accusationis
783 928 844 985 quae
867 912 1015 969 tumultun·
1067 927 1116 967 aris
1131 909 1229 965 Brixia
1248 909 1422 964 retineretur:
1437 916 1461 961 et
1482 906 1640 978 factumest.
1655 904 1729 960 Tunc
1750 906 1803 960 dne
1817 906 1873 976 epi·

215 1008 547 1076 sissolumclamorihus,
568 1007 641 1063 nulla
660 1006 885 1063 documentorum
903 1016 1016 1063 attesta-
1066 1002 1138 1074 scopi
1159 1001 1193 1056 ad
1212 1001 1328 1073 Africam
1341 999 1496 1065 artissisant,
1517 996 1664 1053 Eunomiaa
1678 1005 1703 1052 et
1722 995 1870 1068 Olptnpitta.

216 1104 299 1169 tione,
311 1101 384 1158 nulla
400 1101 509 1158 testium
523 1099 577 1156 llde
593 1100 741 1165 nitebatur,
764 1099 896 1154 rationem
912 1097 1016 1154 habeu-
1069 1092 1211 1160 Venerunt,
1226 1101 1249 1147 rt
1265 1091 1335 1164 apud
1356 1089 1539 1162 Carthaginem
1562 1093 1666 1161 laeam
1681 1105 1727 1159 per
1741 1088 1795 1143 dias
1807 1105 1872 1160 qsa-

216 1194 279 1252 dam
297 1209 359 1251 esse
380 1206 550 1265 nequaquam
573 1198 748 1247 censuerunt.
764 1189 957 1262 Requisiernnt
981 1189 1016 1245 ah
1068 1183 1250 1258 tractamur
1272 1183 1469 1254 aununtiarem
1489 1181 1531 1235 udi
1554 1190 1617 1237 etad
1643 1178 1787 1238 cartiattca.
1813 1180 1873 1237 liae

216 1286 261 1355 iis,
276 1296 305 1341 ut
316 1294 406 1343 certos
422 1292 594 1341 accusatores
602 1291 631 1340 et
642 1283 905 1350 testaslnducerent,
921 1280 966 1352 qui
979 1280 1016 1335 sl·
1068 1278 1192 1333 sediaoaa
1204 1291 1265 1349 pars
1285 1273 1384 1330 donati
1398 1276 1455 1344 fieri
1476 1290 1554 1346 passa
1581 1289 1633 1329 non
1652 1283 1690 1330 est
1703 1290 1713 1329 .·
1728 1274 1760 1328 de
1785 1273 1872 1329 studia

216 1382 274 1435 mul
295 1394 357 1434 cum
371 1377 404 1433 iis
417 1392 452 1433 ea
475 1377 568 1433 diriea
587 1387 728 1443 uenerant,
749 1384 778 1431 et
790 1392 851 1431 cum
865 1382 1016 1446 presentes
1068 1371 1182 1441 partium
1194 1370 1316 1442 strepitos
1328 1366 1474 1441 quotidiani
1484 1377 1543 1423 snat
1553 1367 1633 1422 naiiti
1644 1368 1801 1422 :amissione
1813 1383 1873 1422 sen-

216 1471 370 1536 luissent,a
387 1470 492 1525 donato
501 1469 633 1526 subtracti
653 1467 825 1536 dicebantur,
839 1466 901 1538 aquia
918 1462 1016 1521 testih·
1071 1462 1150 1518 tentia
1160 1461 1309 1517 eoruntdcra
1320 1461 1497 1533 epiacmmrnm
1512 1458 1635 1515 Ennomii
1644 1473 1669 1514 et
1684 1459 1798 1532 Olympii
1812 1459 1873 1514 talia

215 1565 269 1621 eati
282 1573 361 1620 erant
383 1562 449 1619 nihil
468 1563 570 1619 hahere
579 1577 609 1617 se
621 1563 693 1634 quod
707 1561 736 1617 in
753 1558 928 1616 Caecilianum
942 1557 1017 1615 dice·
1068 1552 1172 1627 legium
1190 1564 1239 1608 ant
1245 1555 1358 1609 dicerent
1366 1554 1441 1608 iilam
1448 1569 1504 1609 esse
1511 1551 1682 1621 Catholieatn,
1694 1569 1753 1624 quar
1766 1562 1830 1608 esset
1843 1554 1871 1606 ia

216 1662 289 1712 rent.
310 1653 367 1710 Eos
387 1670 418 1711 se
441 1653 626 1711 exhibiturum
648 1653 695 1708 ille
713 1652 856 1723 promisit,
877 1661 959 1722 atquc
978 1651 1015 1705 lta
1071 1647 1220 1721 ‹tato-arie
1234 1657 1360 1702 terraram
1374 1644 1481 1713 diffusa,
1494 1655 1517 1701 et
1531 1646 1873 1701 sententiantdccemetno·

217 1748 319 1804 mansit
335 1747 363 1803 in
377 1746 495 1818 pendulo
516 1745 654 1804 Caeciliani
674 1760 767 1802 causa.
792 1746 911 1801 Donatus
925 1753 1014 1804 autem
1032 1746 1055 1806 Β
1072 1759 1083 1795 ι
1099 1756 1154 1795 uem
1181 1742 1361 1814 episcoporum
1374 1736 1533 1810 jamdudum
1557 1738 1667 1804 dotant,
1686 1738 1791 1794 dissolui
1819 1754 1871 1793 narr

216 1837 347 1895 Casensis
378 1848 521 1895 aecusatus
554 1847 583 1894 et
614 1838 754 1895 convictus
778 1846 844 1903 est,
871 1835 1016 1892 Caeciliano
1072 1849 1182 1904 spatae
1203 1851 1213 1884 ι
1232 1831 1277 1888 Sic
1288 1831 1536 1886 communicauerunt
1548 1830 1616 1885 clero
1627 1829 1777 1897 Cecitiaiti,
1792 1840 1817 1884 et
1831 1846 1874 1885 rc·

216 1927 365 1986 etiamnum
381 1928 584 1993 archidiacono,
598 1929 716 1985 schisma
732 1928 828 1984 iecisse
842 1926 1014 1999 Carthagine,

222 2022 403 2080 etconlessus
425 2037 455 2079 se
469 2024 653 2094 rebaptizasse
669 2031 698 2078 et
716 2022 849 2092 episcopis
868 2021 950 2092 lapsis
960 2036 1036 2097 ma-⁸

218 2133 285 2174 num
300 2117 472 2187 irttposuisse.
486 2115 610 2174 Secunda
623 2114 668 2171 die
683 2113 872 2186 aquihusdam
886 2128 971 2170 riorus
985 2114 1017 2171 ιι-

220 2210 310 2269 hellus
320 2210 532 2268 denuntiationis
542 2208 671 2266 adversus
685 2209 857 2266 Caecilianum
872 2207 1015 2273 datusest;

219 2317 274 2374 quo
288 2302 361 2358 lacto
375 2302 475 2375 agitata
496 2308 607 2357 'rursum
630 2299 759 2371 cognitio,
788 2309 815 2354 et
837 2308 927 2354 tannen
950 2296 1017 2353 nlhil

214 2395 362 2467 quidquam
377 2396 405 2451 in
428 2394 601 2450 Caelianum
617 2392 703 2464 patuit
718 2390 837 2463 probari.
853 2390 955 2449 Eadem
972 2389 1017 2446 die

218 2494 310 2543 actum
330 2484 437 2542 videtur
450 2484 612 2542 deconcilio
633 2483 803 2556 septuaginta
826 2481 1016 2554 episcoporum

215 2581 263 2655 qui
274 2579 450 2637 Caecilianum
464 2579 670 2645 damnaverant,
684 2593 800 2649 quorum
816 2578 891 2647 quasi
913 2578 1019 2648 gratis·

214 2675 285 2731 sima
307 2674 496 2746 opponebatur
513 2672 671 2728 auctoritas.
694 2671 834 2727 adrersus
859 2669 919 2725 illos
934 2671 1017 2725 multa

167 2754 171 2762 ⁴
215 2768 287 2825 dieta
303 2777 384 2824 suin:
398 2765 556 2822 traditores
571 2779 618 2822 eos
631 2763 714 2819 luisse
722 2761 862 2819 Caeciliani
878 2761 1017 2829 inimicos,

216 2862 379 2919 ambitiosas
392 2860 528 2924 honnlnes,
549 2856 660 2914 Lucilla
675 2857 808 2913 obnoxios
823 2864 850 2911 et
863 2856 921 2927 ejus
937 2870 1018 2926 pecu·

212 2954 427 3025 circunseptus,
448 2952 556 3022 aliaque
570 2947 702 3020 ejusmodi
716 2965 723 3001 z
739 2947 869 3004 adversus
894 2946 1016 3003 Caecilia·

216 3059 283 3102 num
302 3042 374 3115 quod
389 3058 404 3099 a
419 3041 510 3100 Felice
520 3040 705 3115 Aptuugitana
720 3038 886 3097 Traditionis
900 3054 948 3096 reo
971 3046 1017 3096 or-

1068 1926 1138 1981 cersi
1151 1934 1222 1981 sant.
1237 1923 1334 1980 Deliis
1347 1924 1425 1979 redas
1444 1924 1567 1979 indentur
1587 1923 1718 1978 oelarrrina
1733 1934 1871 1990 oacrum,

1067 2017 1137 2086 qaod
1146 2019 1169 2074 ai
1179 2018 1237 2088 qais
1247 2018 1367 2083 coluerit,
1383 2018 1411 2071 in
1429 2016 1573 2071 noeimintis
1584 2015 1698 2089 partious
1714 2013 1792 2088 legat.
1806 2015 1872 2072 Citra

1069 2111 1123 2164 dccc
1144 2109 1244 2178 fierent,
1265 2107 1380 2163 donatas
1408 2109 1477 2164 altro
1497 2108 1568 2179 prior
1581 2109 1616 2161 ad
1628 2108 1809 2182 Cardtaginem
1832 2126 1872 2167 re-

1069 2203 1116 2259 dit.
1133 2203 1190 2257 Hoc
1203 2201 1309 2267 andito,
1323 2198 1478 2257 Ccect'limnrs
1491 2202 1525 2255 ad
1545 2217 1619 2255 soant
1633 2200 1732 2269 plebem
1745 2218 1872 2274 propera·

1068 2298 1112 2354 ait.
1128 2296 1184 2352 lloc
1198 2297 1275 2352 innodo
1286 2297 1379 2351 iterum
1394 2296 1556 2352 renovellata
1568 2306 1627 2351 sant
1640 2309 1738 2366 partes.

1106 2388 1176 2444 Noai
1188 2389 1312 2444 temnitur
1322 2387 1476 2443 hortatione
1488 2388 1609 2457 [actionis
1623 2387 1871 2447 adversaaCoecitt'a·

1068 2472 1138 2540 nant.
1155 2514 1189 2526 -
1205 2486 1295 2556 ltaque
1310 2485 1465 2539 donatianae
1485 2483 1610 2540 [actionis
1623 2483 1749 2564 homines
1762 2485 1788 2541 ιιι
1805 2501 1870 2558 per·

1069 2577 1169 2634 sicaria
1189 2592 1237 2633 sua
1253 2587 1463 2650 permanentes,
1484 2591 1569 2632 noros
1582 2574 1664 2633 etiam
1678 2578 1807 2635 tantultus
1821 2594 1872 2649 por

1069 2672 1188 2728 dlricam
1201 2672 1339 2729 concitare
1350 2679 1501 2742 caeperunt,
1513 2680 1541 2728 et
1551 2685 1586 2727 ea
1600 2672 1633 2728 iis
1646 2673 1769 2730 nonnulli
1785 2676 1871 2746 impe·

1070 2776 1188 2822 ratonem
1204 2765 1280 2821 adire
1294 2765 1352 2820 ausi
1367 2772 1440 2830 sunt,
1456 2763 1535 2820 aede
1551 2779 1623 2820 ttutto
1637 2763 1811 2823 Caecilianum
1823 2781 1871 2823 ac-

1069 2871 1173 2913 ettsare.
1187 2856 1362 2926 Quibuscum
1378 2856 1564 2927 respondisset
1575 2857 1742 2930 imperatur:
1757 2859 1870 2915 Frustra

1069 2948 1097 3002 id
1106 2966 1149 3005 eos
1157 2951 1258 3022 jactare
1272 2964 1330 3003 cunr
1345 2965 1385 3004 res
1407 2948 1516 3019 [inissent
1525 2951 1595 3022 aprtd
1609 2950 1696 3007 ariera
1715 2951 1824 3007 llaraant
1835 2951 1868 3007 ad

1069 3043 1167 3099 idoneis
1191 3059 1222 3098 ac
1254 3043 1439 3111 probatissimis
1460 3043 1522 3100 airis
1544 3043 1672 3116 episcopis
1700 3046 1866 3115 terminate,

216 3137 327 3192 dinetus
347 3135 452 3191 luisset.
467 3133 516 3190 llas
536 3132 703 3206 questiones
717 3132 809 3204 plnres
823 3140 851 3186 et
871 3131 1052 3198 inicientis-C
1068 3137 1160 3192 cottias
1169 3153 1199 3191 ac
1208 3136 1371 3206 pertinaciter
1383 3136 1583 3210 responderant,
1595 3139 1664 3211 qnod
1678 3154 1767 3194 eoram
1780 3141 1864 3195 emitis

215 3227 292 3284 sintae
305 3234 425 3294 erant,a
447 3226 548 3297 quihus
570 3224 760 3281 abstinendum
775 3238 836 3280 esse
857 3223 908 3279 sihi
931 3223 1016 3280 dure
1067 3245 1146 3284 cansa
1164 3245 1215 3284 nort
1238 3231 1328 3301 [uiuet
1345 3230 1454 3295 andita,·
1479 3229 1524 3285 sed
1542 3231 1628 3300 potins
1652 3230 1731 3286 iidem
1753 3232 1868 3302 episcopi

215 3331 283 3378 runt
295 3321 402 3377 concilii
414 3321 531 3377 llotnani
547 3332 648 3391 patres,
661 3334 692 3374 ac
706 3318 741 3375 de
752 3317 898 3375 ceciliano
912 3325 1015 3373 tantum
1066 3322 1178 3392 quodam
1193 3323 1250 3379 ioco
1261 3339 1289 3378 ae
1301 3323 1465 3393 clausissent,
1478 3335 1502 3379 et
1512 3333 1589 3396 prout
1601 3336 1690 3397 apricat
1703 3325 1767 3395 ipsis
1782 3331 1867 3397 [cerm

215 3424 243 3472 et
263 3415 367 3471 Donato
378 3415 510 3487 judicium
525 3415 597 3470 lcrre
611 3412 768 3469 rolrreruut.
780 3410 831 3467 llic
845 3410 943 3467 iterum
959 3410 1015 3480 pel·
1063 3414 1235 3484 judicassent.

213 3508 306 3567 licitus
320 3519 361 3565 est
376 3524 406 3565 se
419 3508 464 3566 die
483 3507 606 3579 sequenti
632 3506 744 3561 idoneos
762 3512 846 3560 testes
870 3504 1015 3559 criminum
1105 3505 1187 3562 diocte
1198 3523 1288 3564 eoram
1304 3509 1339 3564 ed
1357 3510 1539 3579 inspectorem
1555 3511 1677 3582 querele.
1698 3510 1776 3568 Certa
1795 3511 1867 3584 apud

214 3601 352 3660 Caeciliani
367 3600 549 3657 exhibiturum
563 3617 569 3653 :
582 3606 611 3655 at
629 3613 692 3653 cum
715 3594 855 3668 prontissis
873 3602 947 3651 stare
960 3609 1015 3652 uon
1067 3597 1205 3655 AElianam
1220 3601 1315 3672 Africae
1341 3600 1519 3673 proconsulem
1541 3602 1573 3657 de
1597 3602 1745 3658 innocentia
1769 3601 1866 3659 Felicia

140 3756 145 3768 ,
214 3703 325 3769 maaet,
340 3693 514 3766 adjudicium
529 3691 659 3750 accedere
674 3690 791 3762 amplios
808 3687 906 3744 noluit.
921 3687 1019 3761 ltaque
1067 3693 1340 3767 dptnnqitani.-llis
1354 3706 1491 3766 permotus
1501 3693 1695 3753 Constantinus
1707 3697 1865 3769 imperator,

210 3791 291 3847 tertia
305 3788 351 3845 die
369 3786 534 3844 Cerillanus
549 3785 669 3841 omnium
685 3798 734 3841 ore
751 3784 881 3840 innocens
896 3796 1016 3855 pronun·
1067 3792 1097 3840 ut
1116 3784 1330 3843 dissensionibus
1350 3787 1460 3844 tandem
1483 3788 1628 3860 aliquando
1642 3790 1724 3846 tinem
1745 3790 1867 3863 impone·

215 3880 297 3938 tiatus
307 3887 360 3947 est,
373 3885 402 3934 et
415 3878 571 3935 communio
585 3861 694 3936 cum-eo
709 3886 816 3933 serrata
832 3895 839 3932 r
854 3892 870 3932 e
893 3886 1015 3933 coatraa
1067 3889 1119 3943 ret,
1138 3892 1245 3933 causam
1268 3877 1367 3935 Felicis
1383 3878 1560 3951 Aptungltani
1583 3879 1611 3935 iu
1634 3879 1743 3951 publico
1767 3880 1866 3939 Africae

215 3972 330 4045 singulis
344 3972 372 4028 iu
385 3971 517 4028 Donatum
538 3971 647 4043 propria
669 3970 841 4028 corilcssianc
854 3970 1015 4028 convictum
1064 3969 1167 4040 judicia
1176 3971 1324 4028 examinari
1334 3972 1475 4043 praecepit,
1490 3985 1519 4029 et
1530 3973 1676 4030 concilium
1690 3973 1774 4045 priori
1785 3974 1866 4047 longe

214 4064 358 4122 sententie
382 4064 443 4120 latre
465 4073 539 4119 sunt.
560 4063 588 4119 ln
613 4072 727 4119 caeteros
755 4073 846 4119 autem
871 4063 1015 4133 episcopos
1067 4064 1239 4121 numerosius
1262 4063 1358 4120 indixit
1381 4063 1408 4119 ιιι
1428 4063 1523 4120 urbem
1545 4063 1745 4131 Arelatensern,
1765 4074 1796 4120 ut
1811 4075 1866 4122 tota

215 4155 446 4229 quiCaecillanum
467 4154 679 4222 damnaverant,
704 4153 771 4210 nihil
791 4153 1013 4225 pronuntiatum,
1067 4154 1202 4212 Caeciliani
1230 4171 1312 4213 causa
1340 4160 1440 4214 iterum
1469 4156 1504 4213 ad
1528 4173 1642 4214 examen
1676 4168 1865 4216 reuocaretur.

214 4248 673 4308 neculluseorumacommunione
683 4246 812 4304 Ecclesiae
825 4247 953 4319 expullus
962 4254 1014 4312 est;
1067 4251 1182 4321 Scripsit
1206 4250 1287 4323 igitur
1314 4250 1348 4307 ad
1375 4250 1475 4308 Verum
1501 4266 1550 4309 seu
1578 4251 1709 4309 Verinum
1736 4252 1865 4307 ricarium

214 4346 263 4403 aed
277 4342 524 4414 cunctisepiseopis
534 4339 746 4412 partisllajorlni
760 4340 789 4413 6
801 4340 875 4412 aptio
890 4339 951 4397 data
962 4349 1015 4404 est.
1066 4342 1174 4411 siricae,
1192 4351 1220 4398 ut
1233 4342 1267 4399 dc
1281 4343 1333 4398 rita
1348 4341 1449 4400 Felicis
1459 4343 1635 4417 Aptungitani
1653 4352 1681 4400 et
1699 4342 1734 4399 de
1753 4344 1867 4400 crimine

218 4445 249 4492 ut
263 4437 285 4491 si
307 4434 341 4491 ad
355 4440 485 4490 unimtem
506 4433 595 4490 redire
615 4432 728 4498 uellent,
744 4432 770 4487 in
794 4432 851 4487 suis
867 4431 1016 4488 lionorihns
1067 4436 1232 4493 Traditionis
1241 4435 1317 4507 cujas
1327 4436 1543 4503 insimulabatur,
1552 4437 1660 4508 puhlice
1671 4437 1864 4508 inquireretur.

212 4537 418 4602 permanerent,
433 4526 539 4583 etiamsi
553 4538 629 4584 estro
646 4526 795 4584 Ecclesiam
809 4526 925 4583 ordinati
947 4526 960 4582 l
960 4527 1014 4583 uis·
1026 4532 1054 4594 1)
1066 4527 1133 4583 Cum
1148 4539 1237 4585 antem
1253 4526 1340 4584 Verus
1351 4528 1520 4584 incommoda
1534 4528 1688 4585 valetudine
1712 4536 1863 4597 teneretur,

213 4631 276 4679 sent
289 4637 304 4677 a
317 4619 465 4693 llajorino;
483 4622 519 4676 ita
540 4631 569 4675 ut
588 4619 752 4690 ubicumque
771 4617 825 4674 duo
840 4627 933 4675 essent
957 4622 1014 4691 epi·
1066 4617 1190 4675 AEiianus
1206 4618 1352 4691 proconsul
1370 4619 1550 4690 questionem
1567 4620 1661 4675 hahuit
1676 4621 1738 4676 loco
1755 4619 1865 4690 Viearii,

213 4719 307 4790 scopi,
321 4732 390 4773 naus
406 4733 420 4769 a
435 4714 594 4781 Caeciliano,
608 4715 677 4771 alter
691 4712 849 4784 ahlajorino
861 4713 1012 4781 ordinatus,
1065 4711 1164 4769 Allium
1178 4711 1351 4769 Cecttianum
1366 4712 1412 4785 qui
1432 4721 1554 4785 tempore
1573 4714 1770 4784 persecutionis
1783 4729 1865 4770 cura·

212 4808 238 4866 is
260 4810 470 4865 confirmaretur
488 4808 534 4879 qui
564 4807 640 4878 prior
665 4817 738 4864 esset
760 4805 911 4870 ordinatus,
933 4796 1013 4862 alteri
1065 4813 1106 4861 tor
1118 4805 1206 4861 luerat
1217 4806 1355 4878 municipii
1363 4793 1632 4874 Auttrmnitanoru'm,
1645 4807 1773 4864 accersiri
1784 4806 1867 4877 iussit

214 4915 280 4957 reru
291 4900 367 4970 plens
379 4899 430 4955 alia
442 4898 763 4970 regendaprorideretur.
779 4897 844 4955 llaec
853 4914 887 4954 ex
902 4899 1010 4970 tlptato,

213 4991 263 5049 ιιι.
282 5008 302 5058 ι,
314 4990 385 5064 ιιι,
398 5001 426 5046 et
436 4990 596 5062 Augustino,
607 5006 652 5062 ep.
665 5005 750 5058 antri,
763 4999 790 5046 et
802 4990 944 5047 Brericulo
956 4991 1013 5048 col-

206 5075 326 5143 'lationis
340 5083 393 5139 diei
407 5083 425 5139 3
439 5083 608 5155 collegimus.
623 5084 670 5140 llis
684 5086 812 5156 peractis,
836 5082 971 5141 Miltiades
985 5094 1013 5141 et

211 5176 308 5249 reliqui
323 5175 443 5247 episcopi
457 5191 635 5249 quecumque
649 5179 674 5232 in
687 5176 803 5234 concilio
812 5176 1011 5249 gestaluerant,

210 5285 264 5326 una
278 5283 341 5325 curo
357 5268 425 5324 actis
447 5267 533 5338 ipsius
555 5269 663 5325 concilii
675 5269 709 5324 ad
725 5270 918 5340 imperatorem
940 5271 1011 5325 Con·

213 5358 540 5424 stantinumdireaerunt,
554 5359 724 5415 verhoetiam
748 5359 915 5416 atdrrnantes
937 5358 1010 5430 quod

210 5452 341 5525 judicium
365 5467 444 5509 suum
468 5452 565 5507 luisset
576 5465 625 5522 pro
638 5467 729 5508 retum
742 5453 871 5523 {equitate
884 5451 1010 5522 deprom-

211 5554 306 5616 ptum,
327 5558 429 5617 cosque
450 5544 541 5616 potius
565 5559 644 5600 noxae
663 5542 796 5600 obnoxios
810 5557 871 5601 esse
889 5542 1010 5600 dicentes

210 5637 257 5708 qul
270 5647 363 5695 contra
377 5635 552 5695 Caecilianum
566 5644 730 5710 putaremnt
744 5635 867 5709 quedam
889 5651 1010 5696 comune-

211 5743 285 5787 tete.

1063 4913 1124 4954 eunt
1138 4897 1260 4969 lugentia
1279 4899 1386 4964 scriba,
1405 4897 1535 4967 Claudio,
1552 4897 1718 4967 Saturnino,
1743 4899 1865 4967 Calidio,

1064 4989 1204 5054 Gratiano,
1217 4990 1331 5061 Superio
1345 4991 1523 5059 stationaria,
1536 4990 1637 5049 Solotm
1650 5008 1730 5048 servo
1745 4992 1864 5063 publico,

1064 5082 1179 5153 aliisque
1198 5083 1311 5139 testibus
1330 5084 1364 5139 ad
1386 5086 1567 5156 questionem
1591 5086 1762 5144 necessariis.
1782 5084 1866 5142 Lecta

1063 5186 1127 5234 sum
1141 5189 1199 5232 acta
1216 5177 1401 5249 municipalia,
1419 5179 1577 5249 interrogati
1595 5179 1759 5237 Saturninus
1772 5186 1800 5234 et
1815 5176 1867 5233 Ca-

1064 5270 1409 5341 lidiusJ'unioreuratorcs‚
1426 5270 1558 5342 Superius
1577 5271 1754 5328 stationarius
1766 5278 1795 5326 et
1806 5267 1866 5325 Ce-

1063 5362 1176 5418 cilianus
1208 5362 1350 5428 duumvir,
1372 5361 1510 5431 ingentius
1533 5361 1679 5434 quaestioni
1708 5359 1864 5432 applicitas,

1055 5453 1150 5525 ‘iisque
1169 5455 1297 5511 omnihus
1322 5453 1433 5521 auditis,
1452 5454 1522 5511 lianc
1540 5455 1686 5527 proconsul
1699 5454 1865 5511 senitentiam

1063 5547 1247 5620 pronuntiarit
1262 5563 1269 5600 r
1285 5543 1399 5603 Felicem
1421 5548 1568 5621 reliqiosttns
1588 5550 1737 5620 emscoparn
1756 5547 1864 5604 litteram

1063 5655 1119 5694 esse
1138 5639 1170 5693 ad
1194 5639 1327 5695 sanatione
1350 5641 1580 5700 instrantentosum
1603 5640 1761 5711 deificantia
1781 5640 1866 5694 atani-

1064 5730 1160 5801 fatam
1174 5739 1222 5800 cst,
1236 5746 1294 5786 caat
1308 5747 1383 5789 nrnto
1399 5732 1425 5790 ia
1435 5748 1493 5791 rant
1507 5733 1612 5807 aliquid
1630 5731 1739 5804 prolate
1748 5729 1859 5805 potnerit
