4142 6175
212 260 284 333 uss
654 256 917 327 auuortmottee
935 254 1098 325 utimur
1114 258 1149 323 tu
1166 259 1197 321 e
1216 258 1390 324 οιιιτιιιι.
1547 208 1549 213 ,
1784 264 1855 327 stet

209 375 460 447 perdomuisset
479 377 505 437 in
517 377 610 439 medio
623 378 691 439 utari
705 379 900 439 transmarinas
913 378 1005 449 appel·
1017 376 1044 441 Α
1058 373 1122 433 dum
1141 390 1195 439 nou
1210 375 1292 433 addat
1305 376 1518 446 ettdouumn,
1542 388 1571 439 et
1591 378 1754 451 simpliciter
1773 396 1854 443 socer

209 467 326 527 lationra
338 467 413 539 (isam
428 484 475 529 eas
489 469 615 540 reprimit
628 469 749 543 synodus
759 470 925 542 billeuituna)
936 469 1008 526 iniri-
1057 468 1194 540 Optatam,
1211 479 1302 526 tamen
1317 480 1371 527 tum
1386 470 1519 527 nuruum
1533 471 1696 530 nebulonem
1714 472 1799 531 luisse
1814 484 1855 532 te·

209 559 317 617 bcreut.
338 560 410 637 Ergo
424 576 512 632 neque
534 561 711 618 nobilissimae
725 563 763 618 illi
778 563 893 637 synodo,
919 578 1007 636 neque
1057 566 1153 629 statur,
1168 561 1373 632 utipsosetlum
1387 562 1544 620 bonatistas
1556 562 1616 635 eius
1628 564 1750 635 puderet.
1767 566 1855 639 Quam

209 647 308 723 opatu
332 663 427 709 nostro
446 653 517 713 itane
537 654 663 723 iujuriam
681 654 796 713 ridicula
815 655 924 717 lietioue
947 655 1008 717 lieri
1056 648 1136 709 Valde
1146 659 1239 709 11118111
1250 651 1330 708 111111]
1341 651 1479 723 optutum,
1491 653 1619 725 utdcbet,
1628 654 1790 723 dimitiis,
1799 666 1854 717 mm

209 744 307 817 patior.
323 742 461 801 liternum
473 743 649 816 Optatodem
672 760 860 803 successorem
875 764 882 801 ε
898 749 1007 817 Augus·
1057 742 1141 799 etiam
1168 742 1344 803 robememer
1365 744 1493 816 Optatum
1518 757 1643 803 nostram
1668 747 1854 806 liberitanum

208 837 281 893 tinus
300 836 327 892 iu
343 852 387 906 ep.
402 853 485 897 aratu
501 838 535 893 ad
553 837 694 899 Paulinum
708 839 800 896 laudat
818 839 1005 896 beatissimum
1056 835 1148 891 laedat
1159 853 1166 891 :
1178 852 1259 906 quem
1273 837 1395 913 quidem,
1411 838 1458 894 lib.
1470 855 1480 895 ι
1492 850 1586 897 contra
1599 842 1740 911 Pernen,
1756 834 1805 913 ait,
1817 853 1846 902 et

209 928 356 1005 (utuomt)
377 928 519 999 Seuerum,
544 946 622 990 strum
645 931 873 1004 condiscipulum,
898 932 1005 991 antisti·
1056 930 1632 993 venerabilisnemorteesseeteunoticae
1642 937 1853 997 communionis.

208 1029 263 1078 tem
281 1021 412 1081 Ecclesiae
433 1022 604 1088 iiileritenau,
621 1022 702 1094 bans,
723 1023 820 1096 iuquit,
839 1023 911 1093 apud
931 1039 1007 1081 eans-
1057 1020 1144 1089 idam,
1158 1024 1184 1079 iu
1206 1024 1254 1080 lib.
1269 1034 1330 1096 post
1344 1025 1451 1094 collau,
1465 1035 1543 1084 vocat
1553 1028 1726 1088 catholicum
1748 1031 1855 1104 episco-

207 1112 269 1169 dcm
283 1113 420 1172 dututcm
435 1112 562 1171 iratribus
572 1115 722 1186 cognitum.
739 1114 812 1172 idem
826 1117 1004 1193 Atrgustious,
1058 1132 1141 1185 pum,
1155 1117 1223 1173 etin
1238 1117 1308 1174 libro
1320 1118 1355 1176 dc
1368 1118 1443 1176 butt.
1459 1136 1520 1197 cap,
1536 1122 1581 1187 id,
1593 1123 1699 1180 ridetur
1713 1141 1775 1182 cum
1790 1141 1853 1181 cum

207 1204 256 1262 lib.
272 1220 303 1263 ιιι
328 1213 423 1267 contra
445 1206 524 1265 Petit.
540 1221 600 1279 cap.
615 1206 662 1275 58,
684 1207 807 1265 meminit
822 1207 942 1278 damuati
958 1224 1007 1267 cu·
1057 1206 1116 1279 ipsu
1131 1208 1276 1269 Ambrosio
1290 1225 1467 1282 comparare;
1489 1213 1569 1271 sicuti
1583 1222 1611 1271 et
1624 1212 1723 1275 deinde
1737 1215 1855 1287 i'ulgeu·

204 1296 312 1369 jusdam
330 1299 644 1361 uenerandumne
662 1298 792 1363 diricaua
807 1301 939 1363 Emissis
953 1300 1006 1361 tte-
1057 1299 1121 1365 tius,
1135 1300 1184 1356 lib.
1200 1317 1219 1359 ιι
1237 1301 1271 1359 ad
1291 1302 1598 1375 sputaminum
1619 1305 1693 1362 boue
1714 1315 1853 1375 nostrum,

205 1392 290 1465 nique
307 1392 438 1450 Faustum
452 1393 529 1451 bium
549 1393 741 1462 lianioitmum,
755 1402 837 1467 genic
849 1393 955 1463 Alsum,
970 1396 1006 1451 ei·
1056 1404 1136 1461 quom
1149 1400 1275 1449 sanctum
1290 1403 1388 1461 uocat,
1409 1394 1515 1467 iudicat
1531 1404 1587 1452 tam
1601 1396 1709 1454 fidelem
1723 1397 1798 1455 Pauli
1812 1400 1854 1454 ir-

206 1483 289 1543 ritatc
302 1486 384 1542 luisse
397 1484 581 1543 blileuitanum
592 1485 641 1556 ait,
655 1485 806 1559 bominem,
820 1486 918 1561 inquit,
932 1489 1004 1545 acuti
1055 1491 1201 1555 terpretem
1214 1483 1311 1557 baisse,
1326 1502 1407 1561 quam
1421 1496 1468 1547 aut
1480 1489 1655 1547 Ambrosium
1670 1497 1717 1547 aut
1726 1490 1855 1565 Augusti·

204 1576 319 1651 ingenii,
330 1588 357 1635 et
371 1578 616 1651 erpotitaeitugua,
630 1579 679 1645 iod
692 1582 888 1654 nequissimum
902 1581 1006 1644 calum-
1056 1590 1132 1635 num·
1163 1577 1197 1634 Et
1217 1585 1307 1637 tameo
1329 1579 1413 1639 solim
1439 1581 1486 1639 tall
1504 1583 1709 1652 comparatione
1723 1583 1854 1645 lectorem

205 1669 339 1726 pistorem
355 1670 517 1727 cirisacum
530 1671 680 1744 religioni..
1056 1666 1202 1740 impediri,
1217 1672 1283 1742 quin
1298 1670 1454 1738 discornat,
1472 1685 1604 1747 quantem
1617 1673 1747 1741 intersit:
1772 1676 1856 1731 sicuti

241 1764 270 1822 st
285 1763 356 1821 lene
371 1778 424 1823 nou
438 1765 512 1836 potul
522 1763 649 1837 optatum
666 1775 789 1823 nostrum
804 1783 837 1827 cx
847 1767 1004 1827 milevitano
1018 1760 1044 1827 B
1056 1769 1085 1816 et
1098 1759 1142 1816 ubi
1157 1761 1230 1833 qood
1245 1762 1342 1819 attlnet
1355 1763 1389 1819 ad
1403 1764 1555 1822 litterarum
1569 1766 1773 1837 cruditionem,
1796 1769 1855 1824 Au·

205 1856 267 1915 deri
280 1856 469 1925 Melitensem,
484 1865 532 1913 aut
545 1872 580 1915 ex
591 1856 717 1919 Numidia
731 1859 901 1931 insularem,
917 1861 1004 1919 multo
1056 1854 1194 1925 gostinus,
1217 1855 1266 1912 lib.
1283 1872 1312 1915 ur
1330 1855 1364 1919 de
1380 1857 1457 1919 beet.
1480 1857 1582 1921 Gbrist.
1596 1875 1657 1932 mp.
1673 1862 1726 1928 lb,
1748 1862 1855 1923 ridetur

205 1952 295 2007 miuus
310 1948 384 2009 ierrc
397 1936 485 2006 debeo
498 1949 627 2007 conlundi
639 1964 702 2009 oum
714 1950 775 2007 aliis
787 1951 904 2022 optatis.
927 1952 1005 2009 liitto
1056 1961 1118 2002 eum
1133 1946 1260 2006 cunicrrc
1271 1964 1333 2006 eum
1346 1950 1492 2023 cypriano,
1507 1953 1658 2023 Lactantio,
1675 1955 1827 2011 victorine.

206 2041 282 2096 illum
297 2038 424 2113 optutum
439 2041 630 2109 Donatistam,
653 2057 733 2117 quern
747 2043 776 2100 in
788 2044 895 2119 synodo
909 2044 1001 2117 Bagai·
1092 2039 1179 2097 Porro
1192 2050 1221 2099 ut
1235 2042 1280 2099 ubi
1294 2042 1395 2101 desinit
1409 2043 1544 2116 Optatus,
1568 2046 1638 2118 coepi
1654 2062 1688 2104 ex
1702 2046 1855 2120 Augustino

206 2226 278 2287 brari
294 2227 376 2287 audio
388 2227 423 2287 ab
433 2227 595 2298 augustino.
610 2226 751 2287 celebrior
765 2227 816 2285 luit
829 2239 858 2286 et
871 2227 1004 2286 famosior
1056 2227 1122 2282 siaa:
1146 2228 1187 2283 sie
1201 2227 1248 2284 ubi
1260 2229 1427 2300 Augustinus
1438 2229 1559 2296 desiuit,
1583 2231 1670 2287 risum
1684 2240 1728 2289 cst
1741 2232 1856 2305 subjun-

205 2317 318 2391 Optatns
333 2317 525 2385 Gildouianus,
540 2318 618 2389 errius
632 2329 660 2376 et
673 2320 772 2392 snmus
784 2320 1004 2397 meminitbugu-
1055 2334 1121 2392 gere
1134 2319 1205 2392 quod
1217 2320 1309 2378 Victor
1323 2322 1460 2379 Uticensis
1470 2323 1510 2397 (ι)
1525 2322 1625 2382 deinde
1637 2334 1740 2381 narrat.
1755 2325 1809 2384 Sed
1822 2326 1857 2383 de

206 2414 304 2467 stinus.
325 2410 379 2471 Sed
394 2412 455 2487 quis
469 2428 522 2468 nun
537 2411 747 2484 indignatum,
768 2413 901 2487 quosdam
922 2413 1004 2473 bodie
1058 2412 1145 2475 Utica.
1159 2423 1188 2469 ut
1200 2413 1236 2471 de
1248 2414 1349 2485 Mileti,
1366 2415 1432 2473 nibil
1446 2424 1490 2473 est
1503 2432 1617 2475 necesse
1630 2426 1658 2474 ut
1671 2433 1743 2475 nuuc
1757 2418 1855 2477 addam

158 2512 163 2525 ·
205 2503 398 2567 Gildouiauum
413 2504 594 2565 abliievitauo
609 2520 664 2565 uon
677 2505 844 2575 discernere,
855 2523 918 2565 eum
933 2507 1004 2566 iuter
1056 2505 1216 2579 quidquam.
1243 2506 1346 2566 Omitte
1360 2508 1443 2565 etiarn
1456 2509 1529 2580 quod
1551 2509 1580 2565 iu
1599 2509 1740 2582 pandectis
1755 2513 1858 2569 neruis

206 2612 254 2654 eos
267 2606 372 2653 tanturn
388 2596 551 2666 interfuerit,
567 2605 699 2669 quantum
715 2600 786 2655 inter
802 2599 1003 2657 Donatistarum
1056 2598 1137 2672 lego,
1162 2598 1268 2656 liticanr
1293 2614 1348 2657 non
1372 2601 1461 2657 minus
1481 2616 1562 2672 quam
1575 2601 1768 2673 Carthaginem
1785 2603 1856 2675 luris

204 2688 302 2747 ducem
314 2690 577 2757 sceleratissimum,
590 2699 618 2746 et
630 2688 779 2745 Cannutium
793 2672 925 2747 Ecclesin'
937 2706 1003 2749 sun·
1056 2688 1142 2747 italici
1156 2689 1250 2761 luisse,
1265 2690 1284 2749 i.
1303 2692 1353 2751 uit.
1368 2692 1403 2749 de
1418 2691 1527 2751 censis
1541 2691 1595 2751 Sed
1609 2700 1639 2750 ut
1652 2693 1809 2751 Milcvitano
1820 2697 1857 2753 si-

205 2783 356 2845 ct'tssimuru
369 2783 531 2843 antistitem.
547 2783 577 2842 Si
592 2783 653 2855 quis
665 2790 753 2856 roget,
763 2798 812 2841 cur
823 2783 870 2839 ilie
881 2784 950 2843 alter
964 2784 1004 2843 di·
1056 2799 1091 2843 rc
1105 2783 1230 2843 Numidae
1247 2785 1356 2861 gratior,
1364 2785 1400 2841 sit
1415 2785 1520 2843 ricinus
1534 2786 1577 2843 bic
1590 2787 1695 2858 coilma
1709 2785 1858 2855 Uticensis,

205 2888 284 2937 cattu
295 2879 485 2946 Gildoniauus,
495 2878 668 2948 respondebo
679 2876 751 2950 quod
763 2878 939 2950 burgustiuus.
955 2878 1002 2935 lib.
1057 2878 1146 2934 dicam
1165 2877 1417 2949 ipsumGlrtcusem
1440 2878 1574 2934 coloniam
1598 2879 1626 2934 in
1647 2878 1800 2938 Numidiam
1822 2895 1857 2936 ex

205 2989 224 3030 ιι
247 2981 342 3031 contra
357 2972 438 3029 Perii.
451 2987 512 3049 cap.
525 2971 581 3039 bi,
606 2971 718 3035 scribit,
734 2969 861 3043 optutum
876 2970 954 3029 ilium
970 2970 1005 3026 de
1056 2972 1178 3029 Uticensi
1203 2983 1340 3031 conuentu
1359 2971 1504 3030 deductam
1530 2970 1634 3038 uideri,
1660 2987 1720 3029 curn
1743 2972 1856 3046 quidem

206 3065 335 3125 satellitio
348 3062 471 3124 Gildonis
492 3075 669 3131 accusatum,
686 3062 766 3140 m
789 3078 882 3135 pmuus
898 3062 1006 3122 dedisse
1057 3067 1132 3124 iliam
1153 3066 1331 3126 Sittiauomm
1358 3074 1482 3128 roratam
1505 3064 1589 3126 luisse
1604 3065 1707 3130 Plinius
1731 3075 1858 3126 testetur.

205 3160 321 3217 terribili
340 3159 438 3216 mortis
455 3173 559 3231 gruere
570 3159 733 3215 exstinctum
749 3176 756 3212 :
775 3159 856 3214 sietui
878 3166 906 3216 et
929 3155 1040 3230 legosC
1056 3157 1087 3218 P·
1103 3167 1194 3218 autent
1216 3157 1325 3215 Sittium
1347 3157 1465 3227 equitem
1479 3156 1632 3214 Restm
1655 3156 1690 3213 de
1714 3166 1852 3215 corrreutu

205 3263 306 3311 nustmo
322 3269 376 3310 nou
392 3251 474 3310 modo
484 3252 629 3311 Gildonem
643 3254 719 3310 iilum
731 3262 876 3325 tyranuum
890 3294 898 3321 ,
914 3253 961 3326 qui
976 3252 1002 3309 ln
1057 3250 1178 3307 Uticensi
1193 3247 1277 3305 luisse
1292 3249 1394 3305 lilrtius
1408 3250 1521 3305 scribat.

204 3345 295 3404 sirica
310 3345 441 3406 aduersus
454 3345 523 3418 liup·
538 3346 689 3406 liotrorium
704 3361 781 3406 arma
797 3345 934 3417 sumpsit,
954 3346 1004 3406 scd
1093 3342 1207 3415 Reliqua
1220 3342 1256 3404 de
1264 3342 1364 3415 Optato
1375 3350 1405 3400 et
1418 3343 1526 3401 victore
1539 3358 1574 3404 ex
1587 3344 1689 3404 uostris
1700 3343 1800 3404 deinde
1810 3358 1860 3402 an·

93 3488 96 3492 ,
205 3438 305 3511 eteius
316 3439 448 3497 satellites
472 3441 598 3511 persequi
620 3455 651 3497 se
680 3440 853 3512 profitentur,
870 3442 888 3495 l.
904 3457 960 3505 ιιι,
976 3456 1001 3498 e.
1057 3436 1242 3492 notationibus
1267 3447 1403 3508 petantur.
1430 3437 1517 3506 Quam
1542 3450 1634 3494 auteur
1657 3439 1743 3510 priori
1765 3437 1858 3510 Gptati

204 3532 256 3590 ΤΙι.
270 3533 306 3590 de
317 3548 404 3608 poenz
416 3533 436 3589 Ι.
449 3549 505 3598 ιιι.
518 3549 543 3590 c.
556 3533 607 3589 Tb.
618 3533 653 3590 de
667 3534 730 3590 bon.
747 3532 890 3606 proscript.
906 3534 965 3591 :sic
977 3542 1006 3592 et
1058 3529 1170 3586 editioni
1184 3538 1247 3585 unte
1262 3545 1309 3586 sex
1323 3543 1410 3586 annos
1424 3529 1593 3601 pransorem
1608 3531 1741 3605 prolixam
1763 3530 1860 3602 prata-

204 3626 262 3684 iui.
273 3641 320 3693 ιιι,
331 3640 357 3688 e.
368 3624 421 3684 tu.
433 3624 467 3684 de
481 3634 589 3694 metat..
601 3624 728 3684 dicuutur
740 3625 887 3684 confiscata
901 3624 1003 3698 praedia
1057 3624 1178 3691 tionem,
1193 3641 1248 3684 nen
1263 3623 1297 3681 de
1309 3622 1409 3692 optram
1422 3624 1517 3691 modo,
1534 3623 1583 3682 sed
1597 3624 1673 3682 etde
1688 3623 1781 3682 multis
1796 3625 1858 3684 aliis

204 3717 331 3776 Gildonis
349 3716 437 3776 bostis
456 3716 573 3788 publici,
590 3727 627 3774 -et
640 3717 791 3778 salebitum
805 3718 865 3788 qiu
884 3734 891 3772 ι
907 3727 1004 3789 estque
1057 3719 1191 3790 capitibus
1205 3735 1295 3774 rerum
1309 3717 1575 3783 Ecclesiasticarum,
1589 3718 1624 3773 de
1637 3718 1737 3789 quibus
1749 3726 1780 3773 ut
1794 3727 1861 3774 tunc

205 3808 249 3864 lex
271 3808 422 3864 ltouoriana
434 3808 467 3863 ud
482 3807 677 3878 Pompeiam
698 3808 890 3880 proconsulem
904 3807 1003 3864 linire
1057 3827 1185 3884 agerem,
1205 3812 1318 3885 cogebat
1333 3826 1376 3867 mc
1389 3811 1509 3868 conditio
1523 3811 1584 3880 eius
1595 3810 1799 3876 contentionis,
1822 3810 1857 3867 ad

205 3899 267 3958 duta
282 3900 436 3962 bietbolaui.
1058 3920 1138 3979 quarn
1150 3906 1194 3962 uel
1209 3906 1308 3962 inuitus
1322 3913 1473 3976 pertractus
1487 3919 1583 3971 mum,
1609 3913 1637 3962 et
1658 3903 1785 3964 acerrimi
1801 3904 1858 3968 ind·

240 3981 353 4064 Qualem
366 4000 457 4052 autem
471 3992 529 4066 ipse
538 3991 705 4054 Claudianus
715 3994 928 4068 elegantissimis
938 4010 1002 4052 rer·
1057 3998 1174 4055 versarii
1185 4014 1247 4056 cum
1264 4013 1319 4070 quo
1331 3997 1398 4053 uuiti
1412 4013 1458 4053 res
1471 4004 1552 4062 crat,
1574 3994 1718 4053 mielieudi
1732 3995 1858 4067 quaedam

204 4086 282 4143 sibus
293 4085 425 4142 describit
444 4085 529 4143 luisse
543 4086 689 4144 Gildonem
713 4088 789 4144 ‘rllrrm
812 4089 838 4144 in
851 4087 942 4145 dirim
960 4099 1003 4160 ty·
1058 4090 1226 4147 necessitas:
1248 4105 1320 4170 garn,
1337 4089 1456 4158 inquom,
1475 4087 1707 4144 uehementiorem
1722 4085 1859 4158 prelatio-

205 4194 319 4238 rununm
333 4186 361 4235 et
378 4176 513 4236 latronem
527 4220 535 4246 ,
555 4181 637 4235 talem
651 4189 680 4236 et
694 4181 860 4252 Augustinus
873 4181 1003 4252 optutum
1058 4198 1121 4239 nem
1135 4183 1161 4237 in
1175 4181 1226 4237 bac
1241 4180 1361 4240 editione
1375 4181 1449 4238 uolui
1464 4178 1595 4236 inculcari
1609 4196 1616 4233 :
1639 4194 1719 4252 quam
1733 4180 1800 4240 satis
1813 4194 1859 4238 su·

204 4272 539 4345 qumrdanbonausun,
550 4272 610 4344 ejus
621 4274 868 4346 seruitiumquem
881 4282 1005 4345 proptor·
1058 4289 1160 4346 perque
1174 4284 1215 4332 est
1229 4273 1330 4331 editam
1342 4289 1393 4330 suo
1406 4283 1529 4344 tempore
1541 4271 1627 4328 semel
1639 4270 1733 4332 misse

206 4381 238 4423 ea
263 4367 423 4438 plerumque
431 4363 624 4422 Gildoniauum
637 4374 727 4424 uocat.
743 4367 842 4423 lerum
852 4366 906 4424 etsi
919 4367 1002 4423 iuter·
1093 4364 1204 4421 iuterim
1218 4364 1390 4433 Parisiorum,
1406 4363 1477 4421 idib.
1492 4362 1583 4420 aaut
1597 4361 1679 4420 stou.

243 4501 285 4574 lii
297 4501 377 4558 Errat
396 4499 441 4558 irio
452 4498 530 4558 Baid.
544 4499 640 4558 lictor
651 4502 726 4559 enin
741 4503 788 4561 ille
806 4517 861 4560 nou
874 4503 926 4559 tuit
938 4502 1087 4571 litinensis,
1103 4501 1152 4559 sed
1167 4500 1299 4557 vitensis.

584 4757 591 4766 '
688 4731 1387 4867 ANNOTATIONES

420 4934 481 5019 tu
518 4932 750 5024 suerum
785 4934 995 5022 essuos
1033 4934 1250 5022 orrum
1286 4930 1638 5020 umuvmem

594 5093 637 5154 Ee
650 5090 702 5151 Fr.
716 5092 840 5152 Bnlduini
851 5093 900 5153 JG.
917 5094 1112 5154 Commentariis
1121 5109 1207 5150 rerum
1223 5091 1471 5148 salmantinum.
1482 5071 1502 5152 'i

875 5230 1202 5265 -ὡ-

436 5322 472 5384 m
489 5323 621 5388 mgnum
638 5325 784 5388 pmgmtt,
1019 5318 1048 5381 D
1060 5319 1169 5386 niauus,
1182 5320 1227 5390 qui
1241 5319 1280 5378 illi
1296 5319 1402 5378 bonate
1415 5321 1558 5388 successit,
1572 5338 1648 5386 suam
1669 5315 1772 5382 sectam
1784 5326 1857 5382 mui-

289 5413 294 5424 ·
1060 5393 1096 5450 tis
1109 5391 1209 5448 libellis
1231 5392 1357 5450 armauit.
1372 5392 1477 5450 interea
1499 5405 1589 5456 tamen
1611 5397 1703 5453 nescio
1722 5397 1858 5469 quomodo

247 5469 312 5544 Peg.
341 5472 367 5527 i.
385 5469 423 5532 Ul
446 5472 575 5530 Donatum
596 5467 838 5542 Carthaginensem
856 5465 1004 5524 antistitem
1057 5461 1191 5519 Catholici
1205 5465 1233 5519 in
1255 5465 1344 5521 birieu
1361 5479 1445 5534 prope
1465 5467 1531 5520 muti
1548 5476 1736 5526 eruntacerte
1750 5467 1858 5526 libellus

210 5534 414 5601 Donatistarum
443 5545 526 5602 inulta
551 5540 694 5610 scripsisse
717 5540 751 5598 ad
777 5554 854 5600 suam
881 5538 1006 5596 baeresim
1058 5550 1124 5596 110*
1144 5553 1198 5598 1¹0⁰
1212 5536 1470 5619 obumbret-,Sed
1484 5537 1592 5600 undem
1613 5540 1641 5596 in
1664 5537 1787 5594 Nurrsidia
1802 5538 1857 5610 Oi·

210 5616 376 5685 pertinentia
392 5624 505 5670 testatur
520 5613 701 5686 Hieronymus
717 5612 743 5665 in
757 5610 844 5668 Gutal.
861 5619 889 5667 et
910 5608 1006 5666 eodctu
1060 5619 1133 5666 tatus
1149 5609 1294 5680 episeopus
1318 5607 1489 5668 triteurauns
1507 5611 1591 5679 coepit
1612 5608 1788 5676 respondere.
1817 5613 1858 5666 ue

211 5694 337 5758 tempure
354 5683 493 5741 Vitellium
517 5682 611 5742 birrum
627 5681 686 5751 ujus
702 5679 825 5739 iectionis
844 5681 1006 5740 acerriuuun
1058 5678 1168 5806 quidem
1192 5680 1347 5740 existimaui
1371 5678 1519 5761 aliquando
1540 5680 1623 5740 besee
1646 5679 1736 5746 Optati
1763 5690 1857 5739 contra

209 5757 387 5820 dulcissonum
398 5754 480 5818 iussu
498 5753 592 5816 scibit
609 5751 764 5814 churudius
775 5770 783 5809 ι
796 5754 836 5816 sie
855 5759 883 5812 et
895 5751 1007 5812 Partus·
1084 5753 1272 5818 umeruurum
1282 5752 1368 5816 bitot
1379 5749 1603 5822 scriptusiuiste,
1615 5759 1710 5812 eontra
1721 5764 1783 5818 tam
1792 5752 1860 5814 pap.
