4142 6175
167 306 217 364 but

665 305 711 363 bf.-
731 305 947 366 senuerimus
965 307 1086 365 strunt
1113 308 1269 367 ΗΝΘ-818.

1761 317 1814 374 une

168 425 226 479 noti
249 422 336 479 luere.
357 420 385 477 ln
410 421 577 478 nrttnusterio
598 437 713 493 nomque
733 422 763 479 S.
780 422 893 494 Remigii
910 424 963 480 lle·
978 426 1132 493 Arensis,
1146 428 1218 498 quod
1233 430 1302 484 inter
1316 429 1524 499 ipsosnonnulii
1540 447 1680 491 sermones
1692 435 1726 491 de
1742 435 1817 492 Psal-

163 516 284 581 mensis,
301 525 329 571 ut
349 524 464 572 testatur
478 515 589 571 Ruinam
604 515 632 571 itt
648 516 714 570 actis
728 515 756 570 S.
773 515 881 572 brondii
895 517 964 573 linr-

165 603 243 679 t‘pris,
258 607 373 663 babetur
384 606 471 663 codex
487 608 696 678 manuscriptus,
705 623 780 678 quent
792 609 886 663 seculo
897 626 964 664 nono

163 702 227 756 hstis
243 700 402 756 llonosters'o
428 699 586 754 llincrnnrns
601 699 739 754 Remorum
755 696 878 771 Pontifex
899 715 963 756 cott³

162 794 258 860 seuit,
273 793 299 846 in
314 808 369 863 quo
389 792 563 847 eontinentur
576 789 712 845 Zrnetotns
734 790 766 845 S.
782 789 892 846 Zenonis
914 790 963 847 Vc·

162 885 282 939 rorensis
297 883 420 956 Episcopi
435 885 462 937 in
477 882 544 937 duos
567 883 647 937 libres
661 882 751 948 tiioisi,
765 883 844 937 iidem
860 884 963 939 onrnino

159 976 209 1045 nsi
222 976 248 1031 in
261 974 421 1030 Bibliotheca
439 972 547 1029 Petrum
560 973 622 1028 etiiti
635 983 704 1028 sunt.
721 972 797 1040 Quod
813 981 961 1038 testantur,

159 1076 190 1123 et
204 1069 332 1125 monaehi
346 1067 375 1125 S.
391 1067 475 1123 Mauri
497 1068 523 1122 in
546 1064 690 1123 Parisiensi
702 1064 830 1137 ,editione
850 1080 962 1135 operum

159 1160 191 1216 8.
209 1161 303 1218 llilarii
322 1162 385 1217 anni
402 1160 473 1217 1695
486 1159 514 1215 in
534 1159 719 1216 admonitione
741 1169 804 1216 ante
826 1159 961 1215 Psalmum

157 1269 254 1311 cum.

195 1347 329 1404 Sernatm
339 1346 421 1403 etiam
434 1346 460 1401 in
473 1347 523 1401 hoe
535 1343 661 1401 Archino
673 1344 961 1401 reverentissimorum

156 1440 357 1497 canonicorum
381 1439 462 1510 buius
480 1437 650 1495 Catbedralis
672 1437 844 1509 supradictos
866 1452 963 1493 manu·

156 1532 281 1600 scriptus
293 1531 380 1588 codex
397 1532 595 1602 perganrtoens.
611 1532 637 1587 in
653 1545 708 1601 quo
727 1539 820 1584 extant
832 1537 962 1585 tractatus

155 1620 185 1678 s.
203 1622 324 1678 Zenonis
336 1623 502 1680 Veronensis
525 1623 645 1693 episcopi
660 1664 667 1689 ,
682 1630 710 1677 et
731 1620 780 1690 ipsi
802 1622 829 1676 iu
845 1621 913 1676 dnos
926 1622 961 1676 li·

154 1714 226 1770 bros
238 1715 353 1786 digesti,
370 1714 505 1787 iidemque
516 1729 656 1771 sermones
668 1724 746 1781 sunt,
762 1714 808 1784 qui
820 1715 845 1769 itt
862 1713 961 1769 Biblio-

1017 520 1086 587 mis,
1108 535 1124 576 e
1144 520 1173 575 S.
1189 521 1281 577 llilurii
1303 524 1527 590 commentariis,
1549 541 1585 582 ne
1606 527 1690 583 verbo
1707 530 1816 599 quidem

1015 614 1175 678 immutato,
1193 615 1345 686 transcripti
1365 616 1430 674 sint.
1444 616 1513 673 'lum
1533 618 1615 674 etiam
1630 619 1702 690 quod
1723 636 1815 679 sermo

1015 705 1041 759 in
1056 704 1120 760 iilud
1137 705 1244 761 hrtnrtie
1256 708 1316 773 tibi,
1332 717 1359 763 et
1378 724 1469 764 sermo
1491 708 1526 765 de
1549 710 1645 766 Litore
1670 725 1697 769 et
1711 713 1812 769 luridis

1016 796 1047 850 [t.
1063 795 1154 852 basilii
1169 798 1233 853 sint.
1249 797 1289 854 Ob
1303 798 1485 856 diversitatem
1500 818 1606 872 ‹puooue
1623 802 1687 876 styli
1708 805 1734 860 in
1750 806 1813 862 reli·

1014 888 1075 957 quis
1109 890 1279 945 sermonibus
1308 889 1432 947 diversos
1471 894 1623 961 suspicatur
1650 907 1777 953 auctores
1806 917 1812 952 :

1015 979 1149 1049 precipue
1175 994 1210 1036 ex
1238 996 1363 1038 sermone
1382 982 1415 1038 de
1438 983 1611 1040 Continentia
1639 987 1683 1040 ubi
1712 986 1814 1043 bttetor

1014 1073 1130 1142 nihrmnt
1150 1088 1179 1128 se
1192 1091 1208 1128 o
1223 1070 1319 1128 Citristi
1342 1084 1398 1128 ortu
1420 1076 1533 1143 obfuisse
1545 1078 1623 1131 onnis
1637 1078 1814 1150 quadrittpen·

1014 1162 1046 1216 tis
1060 1173 1084 1218 er
1095 1164 1217 1232 unrpiins.
1233 1163 1381 1219 Dicendum
1398 1165 1487 1234 itaque
1499 1167 1642 1236 predictos
1655 1181 1812 1237 sermones,

1012 1254 1059 1325 qui
1071 1254 1104 1309 ad
1120 1254 1319 1326 expositionem
1333 1272 1418 1313 saetae
1434 1256 1581 1329 scripturae
1597 1262 1751 1330 pertinent,
1766 1278 1813 1331 pa·

1014 1363 1073 1403 rum
1089 1359 1216 1404 accurare
1238 1351 1389 1404 recensitos
1410 1352 1525 1421 reperiri
1550 1351 1621 1422 apud
1642 1352 1746 1409 sistunt
1761 1354 1812 1411 Se·

1012 1453 1125 1494 nensem
1137 1481 1145 1505 ,
1159 1441 1203 1510 qui
1216 1440 1329 1495 aliorum
1352 1440 1423 1497 lor-te
1437 1457 1518 1510 opera
1543 1442 1570 1497 in
1590 1457 1685 1500 eornm
1709 1444 1812 1501 collec-

1013 1530 1089 1585 tione
1102 1545 1167 1585 usus
1188 1542 1239 1586 est.
1255 1532 1321 1586 Nam
1340 1533 1458 1604 quinque
1475 1542 1577 1589 tontum
1599 1535 1727 1608 leguntnr
1740 1539 1811 1607 apud

1012 1621 1118 1677 sistnrn
1134 1622 1301 1690 senensem,
1316 1627 1360 1694 nin
1376 1628 1401 1681 in
1416 1625 1543 1683 Genesim
1562 1637 1626 1682 sunt
1637 1631 1811 1700 conscripti,

1012 1714 1110 1784 ortibus
1125 1723 1152 1769 et
1165 1730 1305 1772 sermones
1324 1718 1359 1772 de
1374 1719 1527 1786 Abrabam,
1543 1718 1576 1774 de
1591 1721 1698 1777 somnio
1710 1720 1812 1789 Jacob,

145 1805 240 1862 tbeea
263 1808 372 1862 Patrttut
390 1809 532 1880 leguntur,
546 1807 599 1863 alio
614 1815 704 1863 tameo
716 1807 831 1863 ordine:
848 1822 901 1876 nuo
917 1823 962 1860 or·
978 1805 1048 1872 Rde
1062 1805 1147 1870 itudo,
1162 1814 1190 1862 et
1209 1807 1327 1864 Thamar
1340 1822 1563 1867 arttnnnerantur.
1577 1798 1677 1867 lie‘runt
1692 1814 1719 1868 in
1734 1831 1812 1870 man·

157 1897 226 1955 dine
245 1915 277 1954 se
296 1898 358 1954 illos
372 1899 519 1971 digesssse
539 1899 633 1955 dicunt
656 1899 767 1969 Bagatta
788 1906 816 1953 et
839 1898 964 1955 Perottus

158 1990 186 2044 in
203 1989 299 2045 cadem
314 1989 481 2061 prolatione.
497 1990 524 2044 ln
538 1991 593 2047 line
610 2004 674 2045 sero
694 1989 774 2060 hujus
790 1989 963 2046 Pistoriensis

159 2081 340 2151 manuscripti
356 2082 409 2137 duo
421 2092 483 2137 sunt
497 2081 590 2137 inserti
602 2097 758 2147 sermones,
771 2095 841 2137 uitus
851 2082 879 2138 8.
892 2082 963 2139 Gan·

157 2175 247 2230 deotii
261 2174 414 2232 liriniensis
434 2175 575 2248 episcopi,
595 2177 640 2247 qui
665 2177 692 2232 iu
711 2176 894 2246 manuscripto
907 2176 961 2232 tte·

159 2265 274 2322 nonensi
299 2280 353 2321 non
376 2269 526 2336 reperitur,
547 2266 616 2321 alter
635 2265 664 2323 8.
681 2266 770 2335 vigilii
784 2268 914 2339 episcopi,
928 2270 963 2324 de

158 2359 265 2414 sanetis
279 2360 445 2430 martyribus
459 2358 585 2425 sisinnio,
599 2358 753 2414 Alexandro
770 2369 798 2413 et
824 2358 960 2431 hlnrtyrio.

159 2450 243 2506 'lbtnli
259 2451 340 2521 bujus
354 2453 529 2523 manttseripti
545 2451 718 2508 Pistoriensis
731 2469 784 2508 nort
798 2453 963 2509 conteniuut

69 2608 75 2619 ἱ
157 2556 220 2597 cum
248 2544 301 2609 iis,
324 2545 369 2613 uui
394 2545 421 2599 in
446 2544 616 2600 sermonibus
639 2546 723 2614 pra-lo
744 2546 817 2601 cusis
837 2546 963 2617 leguntur

157 2638 285 2708 inseripti
307 2654 314 2692 t
339 2647 367 2693 et
391 2629 426 2694 ex
447 2638 607 2709 quibusdam
631 2638 773 2707 cortjicitur
793 2640 822 2697 S.
844 2640 962 2698 Zenonis

156 2744 305 2787 sermones
323 2732 350 2787 in
363 2731 572 2788 Oillciodivino
584 2736 758 2791 cortsnerisse
772 2737 862 2805 legere
877 2734 962 2793 vern

1015 1896 1085 1953 datis
1105 1900 1188 1969 prato
1200 1911 1263 1955 sunt
1280 1917 1376 1956 notent
1391 1920 1398 1955 t
1415 1904 1540 1959 nimirum
1562 1903 1589 1959 iu
1604 1904 1732 1961 Genesim
1744 1922 1813 1978 qus·

1016 2000 1076 2048 tuor
1089 2034 1096 2059 ,
1111 1994 1144 2048 de
1163 1994 1299 2049 hbmbanr
1316 2006 1371 2052 tres
1386 2039 1393 2064 ,
1409 2013 1480 2054 unius
1498 1999 1533 2054 de
1548 2002 1654 2055 somnio
1668 2001 1772 2068 lneob,
1787 2013 1815 2060 et

1015 2083 1049 2138 de
1063 2084 1132 2139 luda
1148 2101 1226 2141 unus.
1241 2087 1270 2142 ln
1289 2088 1410 2143 Esodum
1428 2089 1520 2145 sixtus
1536 2091 1655 2163 qttiuqne
1669 2103 1813 2159 tritinerat,

1014 2192 1076 2232 cum
1103 2178 1129 2233 in
1156 2177 1227 2234 dieta
1255 2180 1375 2236 editione
1400 2182 1554 2253 quindecim
1580 2186 1811 2254 repastinantem

1016 2271 1137 2327 Psnlnros
1157 2276 1227 2341 apud
1251 2273 1355 2329 sixtum
1370 2285 1474 2346 septem
1489 2287 1567 2343 strnt,
1585 2278 1611 2332 itt
1632 2278 1713 2334 editis
1729 2281 1813 2350 prato

1014 2376 1123 2416 noreio.
1138 2362 1205 2417 lllnrl
1225 2362 1305 2419 etiant
1327 2365 1525 2422 obseruandum
1547 2377 1589 2423 est
1610 2383 1671 2424 cum
1700 2368 1810 2424 Peretro

1014 2462 1042 2509 et
1055 2453 1183 2525 sagettia,
1200 2455 1305 2512 sixtum
1328 2457 1353 2511 in
1365 2473 1399 2513 eo
1411 2472 1534 2523 errasse,
1547 2459 1619 2528 qued
1641 2461 1740 2516 dixerit
1754 2477 1812 2517 ser·

1013 2561 1122 2601 tnonem
1134 2548 1160 2600 in
1174 2545 1309 2602 Psnltnnm
1321 2564 1399 2603 usrut
1410 2591 1416 2611 ,
1429 2558 1455 2603 et
1465 2563 1619 2605 sennonem
1634 2552 1660 2606 in
1674 2550 1811 2608 Pnttnnn

1013 2654 1028 2694 c
1044 2639 1113 2707 apud
1125 2639 1155 2693 s.
1170 2639 1299 2693 llilnriurn
1317 2642 1447 2707 reperiri,
1461 2640 1641 2712 quodfalsum
1654 2651 1705 2697 cst.
1719 2641 1812 2713 Neque

1015 2741 1162 2798 tractatus,
1183 2746 1231 2786 sen
1252 2746 1342 2787 sermo
1357 2733 1382 2787 in
1396 2733 1532 2788 Psalnnnu
1548 2726 1613 2789 xtrx⁴
1625 2736 1670 2806 qui
1685 2742 1727 2791 est
1740 2736 1810 2790 inter

155 2839 271 2880 nenses.
289 2823 422 2882 Videlicet
439 2841 473 2882 ex
494 2841 621 2884 sennone
642 2826 676 2883 de
695 2826 814 2891 Genesi,
830 2829 874 2899 qui
891 2829 963 2885 inter
1013 2838 1095 2891 onera
1119 2822 1148 2879 S·
1174 2822 1309 2889 Zenonis,
1334 2825 1361 2878 in
1383 2825 1511 2895 tutoribus
1531 2824 1561 2880 8.
1585 2824 1679 2880 lliiarii
1702 2826 1809 2896 legitur.

155 2918 230 2988 typis
245 2915 337 2973 editos
356 2917 456 2988 primas
476 2919 581 2974 obtinet
593 2919 650 2985 ,tiu
668 2920 852 2990 manuscripto
866 2921 962 2978 ordine
1012 2919 1137 2990 Quinque
1157 2933 1221 2975 reto
1245 2934 1401 2983 sermones,
1421 2928 1447 2974 et
1472 2920 1542 2989 apud
1564 2919 1593 2975 8.
1608 2919 1765 2987 Zenonem,
1784 2930 1813 2977 et

154 3007 293 3080 septimus
308 3020 350 3065 est
362 3051 370 3076 ,
384 3019 412 3065 et
435 3012 470 3066 ita
495 3011 670 3067 inscribitur:
687 3010 823 3066 Tencteros
843 3011 959 3067 Genesis.
1012 3010 1084 3081 apud
1106 3009 1136 3065 8.
1159 3009 1288 3064 Hilarium
1311 3012 1497 3079 reperiuntur,
1513 3026 1609 3082 nempe
1629 3011 1654 3066 in
1671 3010 1808 3067 Psalnrum

153 3100 187 3156 ln
211 3103 385 3173 monpesitno.
402 3102 505 3171 Lecta,
526 3106 664 3160 secundom
683 3107 818 3172 requireirt
838 3117 914 3161 anteo
934 3109 961 3162 in
1012 3118 1114 3168 exsut,
1145 3102 1255 3171 dentpto
1289 3103 1442 3174 protentio:
1470 3105 1495 3156 in
1529 3102 1664 3158 Psztlrnunt
1696 3119 1808 3169 exstit,

153 3193 220 3262 [olio
245 3195 336 3263 quinto
350 3211 360 3251 .·
375 3197 445 3264 quod
466 3207 494 3253 et
512 3197 617 3253 insiliis
637 3199 782 3254 obseruare
799 3210 866 3271 pst,
882 3211 910 3255 ut
930 3201 955 3254 in
970 3200 993 3264 C
1009 3210 1110 3251 essent
1120 3236 1128 3260 ,
1139 3210 1238 3256 essin,
1252 3210 1333 3250 cxxx.
1346 3195 1401 3251 Nee
1415 3211 1506 3250 scruto
1518 3198 1618 3264 primns
1632 3197 1657 3250 in
1673 3197 1807 3252 l‘sabnunt

151 3298 285 3341 memorre
297 3286 331 3342 de
343 3286 458 3354 Genesi,
471 3289 517 3359 qui
531 3296 574 3345 est
585 3288 720 3346 secundus
732 3292 758 3345 in
774 3291 822 3355 iis,
834 3293 879 3361 qni
892 3291 957 3347 editi
1010 3301 1064 3341 xxx
1077 3286 1111 3342 de
1126 3286 1276 3340 bumilitate
1291 3288 1362 3343 inter
1375 3302 1516 3342 sermones
1526 3287 1556 3344 8.
1571 3287 1663 3343 liilarii
1679 3288 1807 3356 babetur,

152 3375 268 3435 luerunt
282 3379 309 3433 in
330 3380 430 3442 lucent,
446 3381 473 3435 in
485 3382 667 3452 ttrntntseripto
681 3383 777 3440 ordine
789 3383 835 3448 st.
852 3394 879 3440 et
891 3399 957 3440 eon-

151 3469 276 3524 cladum·
285 3484 321 3524 ex
336 3486 411 3525 more
424 3489 430 3524 :
443 3469 481 3524 Tu
494 3480 589 3537 curent,
604 3471 723 3538 Domine,
733 3473 957 3541 misererenobis5

151 3571 177 3616 et
192 3576 326 3618 sermone
347 3562 463 3630 delob,
478 3566 523 3635 uni
545 3565 572 3620 itt
596 3567 780 3637 ntanuseripto
795 3567 905 3639 ponitur
921 3567 955 3624 lb

124 3722 131 3736 ι
149 3652 235 3710 initio
245 3653 358 3722 legitur:
368 3652 504 3709 Trnctntns
514 3653 706 3712 sicdomestici
720 3655 955 3723 B.Zettonishnins

149 3747 221 3800 sedis
233 3745 357 3817 episcopi.
370 3746 407 3801 lta
422 3747 570 3818 antiquitus
584 3750 634 3820 legi
650 3751 774 3806 solebant
787 3749 814 3805 in
827 3751 954 3807 Ecclesiis

149 3836 252 3894 litterae
280 3838 421 3911 Polyesrpi
443 3850 469 3895 et
483 3842 659 3911 quorumdam
680 3845 725 3912 nui
755 3843 864 3898 inernnt
888 3858 954 3912 apo-

148 3932 273 3986 tolorum
290 3931 414 3998 discipuli
431 3950 437 3987 :
455 3933 522 3988 liber
538 3933 672 3990 lierntetis
701 3944 729 3992 ct
748 3936 875 3992 aliorum.
903 3936 953 3993 Se·

147 4025 243 4081 cundo
253 4026 335 4082 etium
350 4025 419 4083 libro
432 4029 615 4098 manuscripto
628 4030 653 4084 in
665 4030 782 4104 plurium
795 4045 952 4086 sermonum

148 4115 204 4173 hne
225 4115 268 4172 sic
290 4116 407 4186 legitur:
423 4115 539 4190 sepum
559 4119 591 4173 rie
604 4119 749 4175 hurtrilircte
772 4132 897 4176 trncrnius
918 4122 948 4179 8.

147 4208 266 4264 Zenonis
286 4209 396 4280 feliciter
416 4226 425 4264 .·
449 4212 543 4282 sieque
567 4215 593 4266 in
616 4213 687 4269 aliis.
704 4213 762 4269 Non
786 4215 877 4285 itnque
900 4216 950 4270 soli

147 4300 273 4358 Guarino
283 4302 380 4357 horum
389 4317 544 4359 sermonum
555 4304 639 4360 editio
650 4306 791 4362 tribuenda
803 4317 861 4374 est,
871 4323 950 4373 crint,

147 4404 173 4450 et
185 4394 307 4451 Veronae
326 4396 431 4465 publice
445 4398 471 4451 in
487 4397 570 4453 citoro
583 4397 635 4468 legi
650 4400 859 4468 consueverim,
876 4408 903 4455 et
916 4401 951 4456 ab

147 4487 212 4543 aliis
233 4489 390 4544 mucronibus
412 4489 576 4557 laudentur,
597 4499 625 4547 et
648 4492 674 4545 in
693 4492 755 4546 aliis
778 4493 950 4550 bibliothecis

1008 3390 1037 3434 ut
1052 3386 1149 3433 notant
1161 3380 1242 3434 etiam
1256 3378 1309 3433 PP.
1323 3380 1546 3451 Congressionis
1559 3380 1588 3436 8.
1603 3380 1685 3437 bautii
1700 3381 1726 3436 in
1739 3398 1807 3451 prse-

1006 3469 1061 3526 lata
1076 3469 1195 3526 editione
1209 3485 1321 3540 operum
1335 3471 1364 3527 s.
1379 3471 1471 3528 llilarii
1485 3487 1558 3527 anno
1574 3473 1652 3528 less.
1665 3472 1696 3527 ln
1710 3472 1805 3529 lsaiant

1006 3569 1123 3633 quatuor
1142 3562 1235 3619 sixtus
1257 3572 1399 3626 numerat,
1420 3564 1446 3618 in
1468 3564 1576 3620 excusis
1595 3573 1698 3634 septem
1722 3575 1805 3634 sunt,

1005 3654 1028 3710 si
1044 3654 1083 3709 eis
1105 3654 1317 3710 adnumerentur
1331 3671 1422 3711 senno
1435 3656 1469 3711 de
1489 3657 1618 3727 tt-ntprin
1633 3656 1719 3714 tsnte.
1735 3657 1804 3714 Tres

1006 3750 1041 3805 tle
1054 3748 1164 3804 Daniele
1180 3750 1256 3819 ponit
1275 3750 1385 3819 sixtus,
1407 3767 1502 3807 nonem
1517 3760 1582 3807 suut
1603 3753 1629 3808 in
1652 3752 1722 3807 dieta
1746 3753 1804 3808 edi·

1005 3847 1089 3902 tione.
1737 3913 1739 3918 ¹

1042 3938 1090 3994 llis
1118 3940 1209 4009 itenere
1233 3940 1384 3995 observatis
1416 3939 1551 3995 laitendttm
1583 3949 1626 3996 est
1659 3941 1805 4013 prodictus

1003 4033 1122 4103 qttimpue
1137 4047 1278 4088 sermones
1291 4036 1324 4089 de
1337 4033 1451 4090 Psalmis
1466 4033 1535 4104 npud
1551 4033 1580 4089 8.
1593 4034 1722 4090 liilnriurn
1737 4034 1803 4107 legi,

1003 4139 1152 4194 eorumque
1175 4123 1204 4180 s.
1227 4125 1357 4181 llilariunt
1373 4138 1509 4180 artctnretrt
1525 4140 1587 4182 esse
1608 4127 1721 4193 probant
1735 4142 1804 4197 pree·

1003 4215 1067 4271 dicti
1083 4216 1134 4271 PP.
1150 4214 1373 4288 Congregortonts
1387 4219 1415 4274 S.
1430 4219 1524 4272 hlrtttri.
1542 4218 1690 4272 Fatendum
1718 4219 1802 4273 etiam

1002 4308 1074 4362 iiiior
1088 4324 1170 4377 opera
1185 4308 1215 4364 8.
1229 4308 1319 4363 Basilii
1336 4326 1388 4365 nnn
1405 4313 1492 4365 solnm
1507 4325 1568 4364 esse
1580 4311 1647 4364 tlttos
1661 4325 1805 4367 sermones

1002 4401 1108 4456 aSisto
1130 4410 1256 4464 uitiatus,
1273 4418 1370 4470 netttpe
1385 4417 1538 4456 sermonem
1561 4403 1587 4456 in
1610 4402 1674 4456 ilintl
1694 4402 1804 4458 hitende

1002 4494 1057 4558 tibi,
1071 4505 1096 4549 et
1113 4508 1267 4549 sermonem
1287 4494 1321 4548 dc
1336 4494 1432 4549 Lirnre
1447 4503 1474 4548 et
1501 4493 1600 4549 bnidia
1617 4511 1624 4548 :
1639 4493 1687 4549 sed
1701 4487 1729 4549 et
1742 4508 1801 4550 ser·

146 4580 384 4651 repertionem
399 4583 452 4638 iliis
465 4586 537 4639 enirn
558 4595 586 4639 et
601 4584 696 4640 Petrus
708 4585 743 4640 de
764 4584 902 4642 Natalibus
925 4589 950 4644 in
965 4586 990 4646 D
1004 4600 1111 4642 monent
1120 4586 1155 4640 de
1163 4587 1309 4657 Evangelio
1317 4586 1466 4642 seeundum
1475 4587 1614 4642 Lireamde
1625 4587 1726 4657 duplici
1744 4598 1801 4644 ten·

147 4685 199 4728 stro
218 4671 381 4729 sattetorum
397 4675 525 4746 tbtniogn
543 4675 611 4746 (tit.
629 4692 654 4743 r,
670 4694 730 4748 cop.
746 4676 793 4752 lis)
808 4681 947 4748 meminit,

147 4766 297 4836 pluresque
318 4778 463 4825 recenset:
483 4778 510 4825 et
529 4769 631 4825 l‘auins
654 4775 797 4842 episcopus
819 4773 948 4842 Sensuro-

146 4858 253 4914 niensis
265 4900 272 4925 ,
285 4859 386 4931 aliique
399 4866 574 4918 recentiores.
589 4863 689 4920 Verum
703 4866 738 4922 de
754 4866 796 4922 bis
817 4870 948 4924 tractenus

146 4949 219 5006 dicta
233 4951 288 5005 sint
301 4952 378 5008 stris.
394 4952 470 5009 Nunc
482 4969 576 5011 eorum
590 4957 752 5013 sententiam
771 4958 825 5013 bb.
842 4960 889 5030 qui
905 4960 946 5015 bi·

146 5056 210 5098 rnrn
225 5042 362 5100 Zenonem
378 5045 473 5102 iturum
488 5061 644 5103 sertuonum
664 5058 803 5106 auctorem
827 5063 945 5123 negant,

147 5138 277 5193 attentius
290 5138 485 5212 expendamus.

448 5275 563 5335 uteur
578 5277 623 5335 bt.

149 5389 218 5446 sisti
242 5391 364 5448 senentis
385 5393 418 5450 le
442 5393 609 5450 sermonibus
631 5394 662 5453 8.
684 5395 797 5453 Zenonis
820 5399 944 5466 indicinm

453 5485 640 5542 consideratur.

184 5595 222 5651 Es
237 5595 354 5653 dirersis
377 5599 551 5665 auctoribus,
567 5600 611 5669 qui
634 5615 705 5671 pene
726 5600 852 5659 ducentis
866 5604 946 5660 annis

148 5700 163 5741 a
178 5688 206 5744 8.
221 5689 331 5745 Zenone
343 5689 510 5758 duruerunt,
524 5707 572 5748 eos
586 5692 717 5751 collectos
730 5709 791 5752 esse
804 5710 943 5753 sermones

148 5780 192 5849 qni
205 5779 234 5837 st
251 5782 360 5854 praesuli
375 5783 549 5856 tribuuntur,
563 5801 597 5841 es
611 5795 645 5842 eo
658 5786 769 5858 eottjieit
783 5787 877 5845 sistus
892 5789 942 5848 Se·

1005 4681 1136 4736 rationum
1146 4681 1246 4750 speeie,
1263 4690 1290 4735 et
1300 4695 1453 4736 sermonem
1467 4683 1500 4735 de
1511 4680 1627 4749 ieiunio.
1640 4680 1676 4737 br
1692 4681 1733 4735 his
1746 4697 1800 4736 trtnr

1002 4772 1174 4828 obstantibus
1188 4772 1257 4828 male
1272 4774 1353 4827 inlert
1370 4772 1463 4829 sistris
1487 4771 1616 4827 senensis
1636 4785 1775 4826 sermones
1792 4814 1800 4839 ,

1001 4861 1046 4936 qui
1068 4866 1097 4921 8.
1110 4864 1230 4920 Zertunis
1252 4866 1358 4920 nomine
1379 4865 1615 4931 circumieruntur,
1627 4864 1801 4919 collectionem

1000 4974 1056 5013 esse
1067 4976 1099 5014 ec
1113 4959 1219 5014 dirersis
1233 4959 1395 5026 hrtetoribus,
1403 4959 1447 5029 qni
1459 4959 1574 5014 incentis
1585 4975 1649 5027 perte
1658 4961 1732 5013 uitreis
1744 4965 1801 5031 sne-

1000 5061 1061 5105 rnnt
1085 5052 1190 5107 Zenone
1204 5058 1365 5121 posteriores.
1380 5052 1527 5107 sermones
1543 5066 1676 5122 namque,
1694 5053 1728 5107 de
1740 5052 1801 5122 oni·

1000 5146 1051 5201 bus
1064 5145 1162 5214 agitur,
1175 5157 1284 5201 eentum
1294 5155 1320 5200 et
1334 5156 1450 5216 quatuor·
1463 5158 1659 5201 numerantur:
1672 5149 1716 5218 qrti
1733 5161 1798 5201 nero
1896 5199 1900 5204 .

999 5239 1070 5309 apud
1096 5238 1125 5295 s.
1149 5238 1279 5293 Hilarium
1308 5245 1337 5294 et
1361 5239 1489 5294 basilium
1517 5240 1672 5308 babenrnr,
1702 5257 1797 5296 norem

999 5339 1075 5386 suot.
1096 5327 1150 5384 Cur
1161 5343 1226 5400 ergo
1241 5329 1339 5400 reliqui
1356 5333 1500 5401 nonaginta
1515 5332 1634 5402 nnirnpne
1647 5333 1676 5388 8.
1695 5333 1796 5388 Zenoni

998 5421 1133 5478 tribuendi
1148 5437 1201 5478 non
1212 5435 1275 5478 sunt
1284 5424 1297 5478 l
1306 5423 1375 5492 Quid
1389 5426 1460 5480 enim
1476 5426 1680 5496 magisobviuot
1693 5429 1795 5497 inope·

999 5516 1075 5572 ribtts
1097 5517 1268 5588 antiquorum
1289 5517 1448 5590 PP.,quant
1472 5520 1543 5575 inter
1562 5521 1641 5574 nnius
1661 5522 1690 5575 S.
1712 5520 1799 5575 Patris

999 5611 1100 5680 scripta
1115 5608 1229 5664 aliorum
1244 5608 1371 5676 Pntrnm,
1387 5621 1415 5665 et
1428 5621 1566 5665 asteterunt
1582 5614 1662 5664 etiam
1685 5610 1797 5666 ltaereti·

998 5713 1093 5756 corum
1110 5700 1327 5757 elucubrationes
1342 5702 1478 5773 reperiri?
1494 5703 1550 5757 lloc
1566 5701 1711 5757 ntanilestn
1728 5709 1801 5771 patet

997 5791 1024 5849 in
1041 5791 1116 5848 libris
1130 5791 1298 5863 Tertulliani,
1316 5794 1449 5867 origenis,
1464 5795 1514 5852 88.
1531 5792 1796 5863 tiyprisnbbmbro·
