4142 6175
212 266 265 325 cm
860 221 863 227 “
900 259 1173 320 nnocnsuuurm.
1813 273 1864 331 ιιι

210 387 319 443 inuicem
333 403 423 442 sumus
437 427 444 452 ,
468 395 525 456 post
540 382 632 439 monui
645 389 781 437 emmeutus
793 380 930 451 optandum,
945 378 1011 434 rattut
1024 375 1051 442 Α
1063 397 1093 434 oc
1112 375 1175 452 fidei
1188 383 1322 440 rnculnris
1335 401 1421 440 nntorc
1430 389 1566 461 juctuutice
1579 403 1716 454 occursus,
1737 393 1865 447 trescentis

212 482 287 538 uliud
297 499 374 554 quom
387 480 465 551 fidem
474 478 560 533 scribi.
573 476 643 531 Dnm
653 477 680 531 in
694 473 776 529 uerbis
790 489 878 547 papum
889 480 938 539 est,
951 471 1013 526 dmn
1064 469 1115 528 uu
1134 472 1166 527 de
1189 471 1243 529 Deo
1263 474 1429 549 Spiritusque
1446 479 1529 533 scruti
1543 479 1746 536 inaestimabilem
1767 481 1867 538 incorru-

213 573 246 628 de
260 571 412 628 novitatibus
423 570 530 642 questio
540 577 586 636 est,
599 567 660 623 dum
671 568 703 622 de
713 565 839 640 onrbipuis
853 565 953 619 assurin
964 573 1012 631 est,
1064 564 1310 637 prebentibiletnnue
1330 568 1471 625 diuinitatis
1485 572 1696 644 perpetuitatem,
1711 575 1774 646 jure
1790 574 1863 643 ipsc,

214 669 275 725 dum
288 666 478 724 deductoribus
492 666 596 734 roureto
608 675 657 732 est,
669 664 734 721 dum
744 665 775 719 dc
784 663 876 718 studiis
886 671 1013 717 certamen
1064 673 1115 727 quo
1128 674 1158 713 es
1170 674 1197 713 se
1210 670 1255 727 est,
1271 662 1428 733 arqumentis
1442 679 1543 736 copere,
1554 664 1713 733 examinare,
1726 666 1819 733 uretiri,
1836 684 1866 722 oc

215 770 262 826 est,
281 761 344 815 dum
361 762 389 815 in
407 776 531 815 consensu
548 758 684 830 difficultas
703 765 751 820 est,
772 754 835 810 dum
855 754 920 809 ulter
940 752 1015 809 oltrrt'
1065 749 1209 805 discernere
1223 768 1298 821 posse
1312 754 1491 824 presumebat.
1503 754 1575 811 lluic
1594 769 1669 828 ergo,
1685 756 1749 814 licet
1766 758 1866 815 iantas-

214 853 352 909 onotlremo
365 868 421 908 esse
433 841 530 922 crepis:
544 865 624 923 prope
632 851 690 924 jam
702 864 776 904 nemo
789 838 886 903 Cbr'isti
901 855 948 901 est.
965 842 1013 900 lu·
1065 838 1104 897 sis
1117 857 1171 899 uon
1187 843 1256 900 mala
1272 852 1363 902 mente
1378 845 1448 903 banc
1460 846 1672 917 disputationem
1687 849 1797 923 aggredi
1812 833 1873 910 rci-⁴

214 956 283 1003 certo
293 947 361 1002 euim
371 946 550 1001 doctrinarum
562 953 636 999 uento
646 957 790 1013 soporum:
804 949 828 995 et
837 949 883 994 out
895 937 957 994 dunc
969 940 1016 994 dm
1066 932 1114 1000 let,
1130 942 1160 989 ut
1174 936 1209 991 ab
1223 933 1307 993 hocce
1321 938 1430 994 curioso
1445 938 1536 995 studio
1549 933 1693 1010 avocaret,
1719 944 1867 1013 periculum

215 1039 313 1104 maius,
328 1037 508 1111 perturbamus
520 1051 530 1103 ,·
543 1045 588 1091 ιιι
597 1035 661 1090 dum
670 1033 802 1100 docemur,
814 1048 939 1088 ιιιιιιιιιιι.
954 1031 1017 1088 inm
1065 1025 1199 1098 ejusmodi
1220 1029 1429 1101 disputationum
1444 1044 1507 1089 ante
1525 1037 1619 1090 ocula
1640 1036 1731 1108 posuit
1749 1047 1798 1095 :et
1817 1039 1868 1097 lrac

215 1147 275 1187 sero
286 1132 398 1204 proximi
409 1130 558 1200 cuniuldus,
569 1129 631 1201 quid
640 1130 699 1202 p'om
712 1128 746 1182 ιιι
757 1126 936 1182 immutatione
948 1127 976 1181 iu
989 1142 1016 1182 se
1067 1122 1210 1179 occasione
1221 1132 1353 1181 tractatus
1366 1124 1429 1181 lldei
1442 1168 1450 1194 ‚
1466 1127 1512 1197 qul
1534 1127 1668 1185 similibus
1681 1130 1869 1188 ratiocinatio·

217 1227 306 1282 babet?
316 1226 447 1294 Primum
458 1243 516 1298 quor
525 1226 676 1281 homousion
687 1223 801 1279 decernit
811 1222 900 1277 merri:
911 1237 1018 1292 sequens
1068 1216 1148 1273 nibus
1162 1217 1197 1272 ab
1211 1217 1319 1274 Arianis
1333 1219 1361 1274 in
1379 1219 1438 1275 dies
1451 1219 1613 1287 edebantur,
1629 1223 1655 1278 in
1677 1222 1805 1282 insidiam
1819 1241 1868 1281 ro·

217 1335 331 1388 ιιιιιιιιιι,
344 1333 402 1391 pua
415 1319 567 1373 tamasim
580 1314 707 1380 dererrdt,
719 1325 744 1371 et
754 1311 879 1385 predicat
891 1328 900 1368 τ
913 1315 1018 1368 tertium
1068 1316 1130 1376 cst;
1146 1308 1245 1380 quiippe
1259 1312 1304 1380 qui
1320 1310 1419 1375 ladem,
1443 1328 1523 1384 quam
1542 1311 1727 1383 explicandam
1746 1322 1774 1371 ct
1788 1332 1870 1389 argu·

217 1412 349 1484 deinceps,
369 1427 426 1483 pen
444 1411 526 1468 ιιιιιιιι
545 1410 696 1478 simpliciter
714 1425 731 1464 o
752 1406 873 1463 Patribus
891 1421 1018 1477 prasum-
1069 1402 1169 1458 mentis
1183 1404 1396 1460 condrmsndam
1415 1406 1466 1462 sibi
1485 1415 1668 1477 sumpserant,
1688 1405 1829 1467 discidisse
1844 1420 1872 1467 ct

218 1513 301 1576 ptum,
320 1520 365 1572 per
376 1503 563 1577 indulgentium
578 1510 699 1557 recusat:
717 1509 874 1571 postrermmr
886 1506 1017 1570 quartum,
1070 1492 1238 1549 destruxisse
1258 1495 1498 1554 corrrincebantur.
1520 1498 1549 1553 ln
1571 1496 1640 1554 banc
1659 1514 1717 1555 rem
1735 1500 1873 1556 credulita·

218 1614 276 1670 pun
287 1613 338 1652 non
348 1604 462 1659 massot,
477 1593 523 1649 sed
535 1592 698 1649 condemnat.
718 1590 754 1646 Et
770 1598 946 1662 postpauca:
966 1589 1021 1644 dn·
1071 1594 1132 1654 tem,
1152 1601 1200 1643 seu
1219 1586 1298 1644 ddem
1313 1589 1463 1660 simplicem
1477 1607 1534 1662 prae
1550 1591 1643 1648 subtili
1658 1593 1780 1651 doctriua
1795 1611 1872 1652 courr-

217 1710 284 1750 num
296 1702 373 1763 moue
383 1699 525 1746 mersurum
539 1687 619 1760 (adeo
631 1685 788 1757 irequenter
798 1683 981 1750 arctabantur,
993 1692 1022 1739 et
1073 1678 1198 1744 mendas,
1214 1681 1286 1751 quod
1304 1697 1335 1739 es
1350 1697 1401 1739 una
1417 1685 1563 1741 universim
1578 1685 1730 1743 successuris
1748 1689 1799 1759 sit,
1816 1691 1874 1748 bac

220 1800 299 1842 noum
321 1781 437 1839 subinde
458 1775 627 1850 edebantur)
648 1777 680 1832 de
699 1775 755 1832 Deo
769 1776 833 1846 fides
848 1775 1019 1844 derernimus,
1037 1773 1163 1838 Bautem
1180 1777 1398 1847 praesumptionis
1413 1785 1440 1835 el
1455 1778 1567 1849 periculi
1581 1779 1672 1852 plena;
1689 1782 1760 1838 unda
1774 1782 1812 1840 ait
1825 1801 1874 1840 nu·

219 1877 327 1932 decretis
346 1877 507 1946 penitemus,
530 1873 680 1942 poerritentes
703 1868 880 1941 defendimus,
903 1868 1023 1942 defensos
1076 1880 1145 1922 mer.
1162 1866 1174 1921 l
1189 1885 1197 1922 :
1213 1866 1454 1940 Manifestissimum
1469 1871 1728 1936 animumanimum
1747 1890 1801 1930 erse
1813 1876 1876 1929 sim-

222 1968 491 2033 unutlremotizonrus,·
510 1973 555 2021 aut
568 1967 594 2019 in
608 1965 704 2019 nostris
724 1964 820 2029 alieno,
835 1972 880 2017 our
896 1963 1024 2019 inolieuis
1076 1958 1168 2030 plioem
1187 1960 1319 2015 mulionem
1340 1978 1349 2017 .·
1371 1964 1431 2031 quin
1454 1964 1704 2033 simplex'omnibns
1725 1963 1773 2022 Dei
1795 1969 1878 2025 uerbis

220 2072 310 2119 nostru
322 2060 496 2125 dornnamus,·
516 2066 539 2113 et
553 2055 700 2111 mordentes
718 2055 836 2118 inuicem,
846 2055 905 2126 jum
917 2069 1018 2109 omum*
1076 2049 1228 2121 simpliciter
1240 2052 1341 2121 credin
1354 2064 1454 2110 astutus
1470 2065 1554 2111 nutem
1569 2057 1649 2112 niruio
1663 2058 1790 2132 sapientie
1806 2061 1850 2133 ins
1863 2090 1877 2104 ·

223 2157 262 2229 p„-
274 2170 364 2210 ,pm
381 2154 414 2209 pp
427 2149 547 2208 imppp,
572 2151 656 2206 pjmp
669 2151 767 2220 quipp„
782 2151 872 2220 prum
886 2147 947 2204 ndei
969 2148 1024 2204 top.
1077 2150 1182 2210 tuctus,
1203 2143 1411 2215 inquisitionibus
1432 2148 1503 2203 conis
1524 2159 1602 2204 sereret
1622 2149 1708 2222 ipsum
1728 2155 1875 2225 confundit.

223 2247 316 2315 mule,
337 2256 393 2302 tom
416 2244 501 2300 stiriis
517 2243 681 2300 Asianorum
702 2253 730 2298 et
748 2239 980 2298 semiarianorum
997 2242 1024 2297 in
1076 2233 1135 2291 Non
1150 2237 1241 2309 itaque
1254 2235 1406 2309 simplicem
1427 2239 1605 2299 didascaliam
1622 2243 1685 2301 fidei
1698 2243 1727 2301 S.
1739 2244 1812 2303 Zenn
1825 2246 1877 2304 boc

226 2340 339 2415 synodis
353 2338 451 2407 editas,
472 2349 527 2393 turn
548 2351 608 2407 uum
630 2351 645 2391 a
667 2334 826 2410 quibusdam
842 2335 978 2408 episcopis
997 2337 1025 2394 ιι,
1077 2323 1138 2382 loco
1152 2326 1344 2399 reprehendit,
1360 2346 1441 2402 orsam
1464 2349 1516 2389 non
1533 2344 1613 2406 negat
1632 2338 1831 2406 necessariam,
1849 2348 1879 2397 ut

146 2475 150 2482 .
224 2447 282 2489 sue
294 2441 377 2488 secta
391 2429 576 2486 defensionem
590 2426 841 2500 promulgabantur.
858 2427 922 2483 llaec
936 2427 1027 2500 ltaque
1077 2419 1138 2490 quis
1151 2418 1237 2488 ιθῑιῑ,
1252 2421 1382 2492 quidquid
1394 2423 1507 2480 credere
1518 2425 1617 2493 debet;
1632 2427 1680 2483 sed
1692 2438 1802 2500 attubus
1815 2430 1877 2488 ddei

225 2535 288 2581 ιιιιιι
298 2523 338 2579 illi
345 2523 419 2578 orsiti
430 2530 564 2589 tractatus,
577 2518 750 2589 multandus,
759 2528 784 2574 et
794 2519 897 2589 quidem
908 2518 1024 2588 nomlite,
1077 2508 1286 2583 disputationes,
1296 2531 1363 2587 quas
1373 2527 1459 2584 vocat,
1469 2533 1519 2576 seu
1530 2519 1642 2577 nimium
1655 2522 1681 2577 in
1692 2522 1742 2578 buc
1757 2521 1796 2597 [c]
1815 2540 1878 2581 scu·

224 2628 247 2674 et
260 2618 314 2673 litis
327 2616 414 2671 lobme
425 2624 448 2670 et
461 2613 673 2685 iouorenutritae,
688 2627 756 2686 quas
770 2612 800 2670 s.
816 2612 892 2670 zeum
905 2627 1028 2671 comme.
1078 2617 1152 2674 men,
1166 2605 1361 2672 curiositatem,
1374 2609 1589 2683 dialecticenque
1601 2611 1725 2684 pluribus
1741 2617 1877 2685 perniclo-

228 2718 318 2767 morat
339 2719 464 2767 tracuus
479 2708 526 2764 lib.
540 2723 560 2775 r,
573 2722 648 2764 num.
665 2708 693 2762 ιι.
1079 2711 1136 2752 sam
1151 2697 1229 2755 unice
1243 2700 1426 2759 condemnat:
1443 2702 1688 2775 disputationum,
1704 2708 1791 2781 inquit
1805 2726 1832 2766 n.
1847 2711 1877 2779 2,

263 2802 293 2858 ln
306 2802 452 2858 bisantem
467 2800 725 2872 quantasuhtilitate
740 2799 853 2871 ingenii,
871 2808 1028 2874 quantaque
1078 2791 1144 2846 ⁸5⁶⁸!
1158 2793 1250 2848 0³⁰⁰!st
1263 2795 1417 2863 dimittit,
1431 2799 1454 2853 δι’
1468 2809 1569 2855 uersuta
1582 2802 1632 2866 tt'l.
1647 2801 1761 2857 “edicti
1776 2803 1879 2874 fidem,

228 2894 492 2966 argumentationum
512 2891 540 2949 ιι
558 2901 699 2949 scamnum
718 2893 838 2949 tuomum
852 2907 951 2966 magno
965 2908 1027 2949 epm
1080 2893 1109 2939 ut
1120 2884 1147 2939 in
1161 2884 1323 2943 Arianorum
1334 2887 1562 2959 disputationibus
1570 2902 1652 2965 atque
1661 2895 1818 2953 tractatibus
1831 2914 1879 2953 cx·

228 2984 378 3057 legencium
399 2983 535 3055 periculo,
557 2994 631 3056 parer
650 2984 842 3042 existimasli
861 2985 975 3057 epistola
994 2986 1028 3042 ad
1079 2977 1210 3047 perieulis
1225 2979 1349 3037 docebat.
1370 2981 1461 3055 ltaque
1481 2985 1596 3055 similia,
1612 3001 1644 3042 so
1657 2987 1703 3043 alii
1718 2989 1825 3060 Patres,
1848 2990 1877 3049 S.

228 3083 378 3154 Episcopus
390 3079 503 3155 AEgyptl
520 3093 547 3139 et
559 3080 652 3155 lepce
669 3098 730 3155 pag.
746 3082 818 3147 278,
834 3098 908 3138 num.
925 3082 960 3152 8,
982 3081 1029 3139 pm
1081 3068 1155 3127 Zeno
1171 3070 1280 3129 tradidit
1293 3075 1350 3130 sive
1363 3073 1414 3132 bne
1425 3080 1576 3136 serrnouel
1589 3078 1621 3137 de
1633 3078 1801 3154 Fidenatem
1816 3083 1881 3142 bac-

228 3175 378 3233 earhnlicos
391 3176 425 3232 ab
439 3174 572 3247 ejusmodi
585 3175 748 3245 scriptorum
761 3175 877 3231 lectione
892 3174 1031 3231 deterrere
1044 3162 1068 3227 G
1084 3176 1162 3223 tenus
1174 3171 1351 3236 commentati
1361 3186 1464 3236 sunaus,
1481 3172 1538 3229 sue
1553 3170 1629 3243 alibi,
1646 3181 1673 3232 et
1685 3174 1807 3249 pluribus
1821 3182 1881 3251 quti-

228 3279 343 3326 pppalup
361 3268 404 3324 his
423 3268 534 3323 verbis:
555 3264 627 3322 Nam
640 3268 826 3323 etiamsipocer
841 3267 1030 3340 essmpmrie
1081 3255 1144 3314 dini
1164 3258 1191 3314 in
1210 3260 1295 3324 locis,
1314 3277 1547 3333 qllaeellllmdllll'e
1566 3264 1645 3323 trimis
1660 3280 1733 3324 esbel
1754 3271 1878 3343 lollgllllr;

229 3371 388 3424 moramur,
401 3360 538 3416 cerussam
552 3358 721 3416 mucronum
733 3360 860 3429 repetitu.
872 3362 930 3417 utcu
942 3362 1030 3416 mou
1081 3362 1142 3405 cam
1154 3350 1255 3407 scilicet
1271 3350 1434 3413 suranorum
1451 3355 1574 3426 ustulans
1588 3358 1725 3429 supernum
1740 3376 1879 3426 mercem.

230 3456 307 3510 donce
319 3453 381 3525 fidei
395 3452 470 3508 uerba
490 3454 658 3525 protulerint,
679 3469 725 3508 nec
746 3453 782 3509 sic
800 3453 929 3523 loquentes
948 3454 1032 3508 petitu
1082 3449 1110 3498 et
1123 3442 1234 3498 nirnlam
1249 3459 1410 3502 arcanorum
1425 3448 1486 3505 lldei
1500 3448 1748 3522 investigandorum
1764 3454 1878 3511 carries·

228 3546 370 3603 numm,
393 3543 448 3600 Nep
468 3545 546 3600 etiam
568 3555 638 3599 recta
655 3554 738 3600 mem
752 3545 901 3615 loquamur,
923 3546 968 3599 ped
990 3546 1031 3599 iris
1084 3545 1166 3591 dalem
1184 3537 1332 3607 reprimere
1347 3538 1477 3603 Siddens,
1498 3542 1663 3600 Credendum
1687 3545 1798 3617 quidem
1818 3563 1881 3605 esse

230 3636 314 3693 uerbis
328 3636 395 3693 uelut
410 3638 494 3691 ouium
515 3635 583 3707 pelle
600 3636 702 3703 induti,
721 3635 791 3691 intus
805 3636 893 3690 eadem
908 3653 939 3691 tte
953 3636 1032 3692 Arius
1082 3626 1183 3697 doctdl,
1200 3630 1329 3704 quidquid
1350 3632 1384 3688 de
1406 3634 1467 3690 Filii
1490 3636 1631 3695 nativitate
1647 3639 1777 3708 traditum
1794 3650 1822 3695 at
1837 3659 1882 3695 or-

229 3730 342 3785 sentiunt
346 3768 402 3784 .....
417 3726 509 3801 itaque
525 3729 618 3800 sipute
629 3727 776 3795 seriberent,
790 3745 821 3784 eu
834 3728 972 3785 seriberent
986 3745 1031 3784 or·
1082 3727 1315 3796 sementationibus
1333 3731 1404 3784 conis
1422 3732 1524 3801 opinari
1544 3733 1617 3800 uelle,
1635 3752 1686 3789 nors
1701 3736 1819 3803 cateruis,
1836 3738 1882 3791 saci

232 3821 396 3887 tlcodoai‚ut
413 3835 522 3891 mopsus
534 3818 641 3885 ιιιιιιιι,
662 3829 714 3876 ιιι.
731 3820 812 3889 (alios
826 3820 973 3876 catlrolic'ns
989 3835 1032 3874 rc·
1060 3817 1210 3874 —demeutis
1233 3837 1286 3877 csse
1306 3821 1460 3880 aldrmavit.
1483 3825 1549 3884 ltus
1569 3832 1647 3885 lract.
1671 3829 1809 3898 diibus,
1832 3848 1881 3888 nu·

231 3912 421 3987 censet).......
438 3915 468 3968 li
484 3914 523 3970 illi
538 3912 655 3988 (Ariani)
671 3914 712 3969 luis
725 3912 889 3988 (catholicis)
900 3921 982 3968 essent
995 3912 1032 3966 si·
1083 3922 1160 3966 mero
1175 3913 1200 3968 ι.

230 4010 316 4075 miles,
333 4009 421 4064 nullus
435 4008 702 4081 proseuoinillorum
713 4007 891 4078 scriptitarem
906 4007 1033 4077 suspicio-
1119 4005 1197 4073 chod
1212 4007 1233 4063 si
1249 4006 1279 4064 S.
1292 4007 1367 4064 Zeno
1381 4017 1459 4067 tract.
1476 4009 1539 4070 ddei
1552 4027 1567 4067 a
1582 4012 1724 4072 catholicis
1738 4015 1819 4073 etlam
1834 4016 1883 4072 hu-

231 4101 272 4158 nis
284 4102 356 4157 loeus
368 4116 378 4157 .·
391 4098 502 4169 simplos
511 4101 621 4156 mimae
633 4100 773 4155 candidum
786 4108 824 4155 est
839 4100 952 4155 suorum
963 4101 1033 4171 dpe-
1083 4098 1201 4155 minibus
1216 4100 1297 4157 scribi
1315 4100 1474 4159 adversatus
1485 4119 1549 4160 rere
1562 4104 1619 4175 luit,
1642 4105 1725 4177 lecit,
1739 4102 1811 4179 quod
1829 4125 1883 4164 caz-

230 4195 383 4251 stolicorum
396 4195 538 4267 inparium.
556 4194 590 4269 lit
601 4192 742 4250 uumcrod
758 4208 766 4247 ι
783 4192 853 4262 Quia
864 4208 923 4248 aero
937 4195 1035 4264 mripta
1084 4190 1136 4248 teri
1149 4191 1337 4250 Occidentales
1352 4193 1490 4251 iaciebant
1501 4195 1642 4268 episcopi,
1658 4200 1703 4270 qui
1722 4199 1835 4271 proinde
1849 4201 1884 4257 de

230 4289 511 4358 demonstrauimus,
522 4288 621 4361 pulpro
632 4285 933 4361 propspuandoboerrsis
955 4303 1034 4343 enum
1083 4282 1266 4340 Orientalibus
1280 4300 1334 4341 ιιοιι
1350 4288 1418 4342 bene
1432 4286 1607 4357 sentiebant,
1622 4304 1684 4345 cum
1701 4288 1735 4346 dc
1749 4289 1812 4347 fidei
1829 4292 1883 4347 lor·

230 4383 346 4439 mercede
364 4392 424 4439 mut
445 4382 567 4438 conducti
572 4420 650 4441 .......
665 4380 840 4454 enipitondum
855 4388 879 4435 ct
893 4381 1033 4436 carendum
1084 4378 1165 4435 mulis
1175 4394 1222 4434 seu
1235 4380 1392 4437 tractatibus
1406 4397 1454 4452 per
1467 4381 1579 4439 eosdem
1591 4382 1672 4439 editis
1683 4383 1804 4440 auaitum
1821 4382 1882 4441 lauit.

229 4486 278 4545 est,
294 4482 388 4550 potres
391 4517 447 4532 .....
461 4494 493 4533 ne
505 4493 556 4551 pua
569 4480 641 4551 tram
656 4492 688 4531 ee
701 4476 835 4532 uerborum
849 4476 977 4549 eleporrtio
988 4492 1029 4531 os-
1084 4468 1154 4527 Hinc
1166 4470 1195 4528 S.
1214 4471 1333 4529 llilarius
1348 4480 1376 4529 ιιι
1390 4473 1539 4530 catholicos
1551 4474 1707 4533 Orientales
1721 4476 1883 4535 Occidenta-

230 4573 346 4642 tutlopue
363 4571 470 4625 oriatur.
484 4569 559 4625 lianc
572 4568 735 4625 arianorum
754 4570 780 4624 ln
796 4568 876 4625 rebus
892 4567 953 4625 lldel
970 4585 1031 4642 per·
1043 4545 1070 4608 D
1083 4562 1155 4619 libus
1172 4579 1204 4619 ea
1216 4563 1250 4620 dc
1266 4581 1295 4622 re
1309 4563 1454 4637 indignatis
1466 4566 1635 4636 conciliaret,
1655 4584 1749 4625 eorum
1765 4579 1883 4628 uirentem

230 4677 326 4736 peram
342 4661 589 4734 philosophantium
604 4662 781 4718 calliditatem
796 4660 843 4717 alii
858 4678 966 4734 qunque
980 4662 1031 4718 Pa·
1085 4657 1284 4729 consiliumque
1302 4675 1334 4715 er
1349 4660 1514 4716 necessitate
1533 4676 1649 4733 purgare
1668 4662 1771 4719 studuit
1791 4664 1818 4719 iu
1833 4664 1882 4722 lib.

230 4767 288 4814 tres
301 4763 446 4812 testantur.
462 4756 528 4812 Vide
539 4755 614 4828 plura
630 4755 754 4827 Gregorii
767 4754 900 4828 Nyssacni,
916 4755 1031 4812 Nanian·
1085 4748 1119 4806 de
1133 4749 1249 4823 synodis
1268 4751 1301 4807 ad
1317 4752 1461 4822 episcopos
1476 4753 1569 4811 Gallia}¹
1584 4770 1659 4810 num.
1675 4756 1710 4813 65
1725 4774 1732 4810 :
1748 4755 1824 4812 Νιιιιι
1835 4776 1885 4813 ou·

219 4850 304 4921 pacari,
319 4849 422 4912 anilii,
441 4848 593 4921 Epiplrsnii,
609 4847 742 4914 Farrstini,
756 4846 862 4922 cprtltl,
874 4856 902 4905 et
914 4849 1031 4906 Ambru-
1084 4856 1134 4903 tem
1144 4849 1239 4902 mirum
1253 4846 1335 4901 uideri
1347 4845 1417 4903 uobis
1429 4847 1512 4915 debet,
1526 4844 1632 4904 Fratres
1647 4848 1802 4917 cucumim,
1814 4856 1885 4924 quod

231 4943 265 5001 sii
289 4942 443 4999 testimonla
465 4958 480 4997 a
505 4943 614 4999 Pemrio
637 4944 751 5001 collecta
776 4943 803 5000 lu
828 4940 1031 5016 Prulepomeuis
1083 4948 1137 4996 tom
1152 4940 1403 5012 {repuenterexponi
1422 4941 1485 5011 fides
1502 4953 1592 5013 cupre
1605 4952 1666 4998 sunt
1681 4959 1691 4998 :
1707 4946 1885 5000 murmurarem

231 5049 293 5105 cap.
312 5035 347 5104 3,
363 5050 378 5090 a
394 5050 469 5091 nutn.
486 5036 513 5092 5.
535 5032 609 5092 darre
623 5050 691 5092 reru
708 5034 883 5107 sophisticam
898 5037 1032 5095 calliditas·
1084 5034 1150 5088 launo
1164 5035 1238 5105 furor
1251 5030 1386 5088 luereticus
1400 5033 1519 5104 inrponit.
1535 5033 1570 5090 Et
1584 5051 1646 5091 mos
1664 5054 1671 5091 ι
1688 5036 1770 5109 Atque
1784 5038 1885 5093 utinum

232 5134 287 5184 tem
309 5138 336 5184 et
358 5128 503 5184 lrumauam
525 5134 746 5201 argumentorum
773 5128 1030 5200 ratiocinationem,
1082 5125 1182 5197 penitus
1200 5124 1345 5180 nescirent!
1364 5132 1422 5179 eunt
1439 5127 1592 5197 prorduiore
1606 5127 1673 5182 eninr
1688 5129 1761 5183 uenio
1778 5128 1886 5201 ipsoru-

231 5230 293 5290 qute
312 5218 427 5276 Arianos
450 5221 478 5276 ln
501 5230 539 5276 tot
559 5235 666 5277 errores
681 5221 884 5294 senlentissque
898 5222 1032 5281 distraxe-
1081 5225 1146 5284 rent,
1165 5232 1241 5285 quom
1255 5215 1433 5272 obtrectarent.
1452 5215 1507 5274 Sed
1524 5218 1620 5274 borum
1635 5217 1825 5292 Episcoporum
1837 5220 1887 5276 do·

231 5317 284 5377 rat,
302 5319 396 5380 utpote
409 5309 520 5383 periculi
540 5312 647 5384 plenam
663 5308 788 5369 catholici
804 5313 897 5370 Patres
913 5315 1030 5371 maxime
1082 5308 1123 5363 lor
1134 5324 1160 5363 ιι
1174 5309 1241 5364 turm
1252 5308 1445 5365 silmtium'nou
1456 5310 1588 5366 tomitem
1600 5353 1608 5379 s
1620 5312 1744 5377 astruam
1760 5313 1821 5383 diti
1835 5315 1885 5369 dl·

230 5402 386 5475 begiendsm
414 5413 541 5475 putarunt
565 5421 574 5464 s
599 5415 628 5462 et
653 5404 716 5462 birro
738 5404 794 5476 ianr
818 5412 903 5477 patet,
924 5406 988 5478 quid
1002 5405 1030 5463 in
1078 5404 1250 5478 iurauerit,
1267 5405 1394 5476 ouejom
1410 5404 1510 5476 pridem
1521 5422 1566 5476 per
1579 5404 1645 5460 ulios
1657 5407 1754 5462 occisit.
1773 5404 1884 5463 interim

231 5506 312 5552 nausa
337 5493 436 5561 iuerat,
457 5510 508 5552 our
524 5495 551 5553 S.
573 5494 647 5552 Zeno
665 5495 728 5553 ddsl
750 5503 879 5553 tractatus
894 5496 953 5553 beri
968 5512 1032 5569 pro·
1084 5502 1174 5550 tamen
1189 5494 1263 5567 ipsos
1278 5494 1433 5553 Gallicanos
1451 5497 1594 5569 episcopos
1612 5482 1801 5567 commendat,
1816 5510 1885 5555 tam-

231 5590 350 5646 urbemn.
369 5587 462 5646 Frater
480 5589 543 5660 ille,
562 5606 644 5662 quern
665 5598 780 5647 tractatu
798 5593 810 5648 l
827 5591 983 5663 slluqultnr,
1007 5592 1032 5650 ln
1084 5600 1164 5656 quam
1185 5585 1271 5642 beatos
1288 5587 1315 5640 in
1329 5584 1441 5642 domitto
1455 5596 1480 5643 et
1494 5588 1631 5660 ploriosos,
1652 5589 1707 5660 otti,
1718 5590 1770 5657 au,
1784 5591 1886 5663 persee-

233 5691 306 5749 eret,
323 5681 369 5754 qul
383 5684 467 5754 ipsum
481 5684 578 5755 [cutem
592 5684 734 5739 diuinitatis
748 5683 933 5757 pbilosopln‘eis
946 5686 1033 5755 orpu-
1086 5684 1137 5731 tom
1160 5687 1236 5748 atoue
1253 5677 1429 5748 Apostolicum
1448 5678 1527 5749 fidem
1547 5682 1710 5737 comminuite
1724 5682 1887 5754 proiectione

234 5778 326 5832 memus
338 5778 475 5835 apperire
485 5778 636 5849 poputum,
653 5794 727 5839 pum,
741 5778 774 5838 53
785 5779 828 5857 put
839 5777 885 5842 ,pp
899 5756 962 5836 'mm
972 5778 1035 5852 topic
1086 5774 1234 5841 retinentes,
1248 5771 1406 5845 conscriptor
1419 5771 1483 5846 pides
1497 5772 1547 5829 leue
1560 5776 1753 5855 uspuenssciris
1769 5776 1885 5849 :quibus
