4142 6175
248 270 303 332 ddi
821 274 866 332 DE
880 272 1005 335 SANCT!
1025 272 1173 335 zenonis
1192 274 1328 335 sancus
1845 274 1903 331 dib

248 387 579 465 Paulusxsatrtosstenttss
603 388 662 447 Non
675 403 743 447 vero
753 387 935 455 'Corinthum
946 386 1051 459 Carpo·
1065 390 1089 448 Α
1103 402 1172 444 tntts.
1192 387 1251 443 Nos
1271 399 1358 444 uatem
1371 402 1428 458 gnte
1446 389 1480 443 sit
1494 398 1587 445 nostra
1596 386 1724 443 unientis
1739 385 1789 459 (ita
1803 387 1902 458 tirius)

248 464 335 549 emm,
349 482 471 555 aliosque
486 482 624 541 Christum
639 498 672 542 es
686 482 807 554 ioseph,
820 493 848 541 et
861 481 955 549 llaria,
971 495 1004 536 ac
1016 479 1051 537 de
1074 552 1077 558 ¹
1102 495 1252 549 caussasse,
1266 490 1291 536 et
1302 480 1437 535 docuimus
1456 489 1483 534 ιι
1510 480 1630 535 docemus
1645 477 1765 534 :titiam
1777 480 1903 535 nimirum

249 581 366 647 utraque
378 590 445 654 seta
467 582 561 633 naham
575 575 812 647 blasphemantes.
829 575 915 644 Quem
929 587 1050 630 errorem
1102 587 1182 639 neaue
1196 572 1409 646 ingenitumesse,
1422 588 1503 643 nense
1512 581 1610 642 partem
1624 571 1733 642 ingeniti
1743 571 1797 626 utto
1812 562 1900 639 modo,

249 681 347 738 nempe
360 665 496 724 Christum
510 683 606 739 purum
628 668 765 725 hominess
780 681 815 725 ex
826 666 938 738 Virgine
959 673 1051 720 natam
1103 683 1184 734 usaue
1195 683 1228 723 es
1251 666 1306 721 nito
1320 666 1450 740 subjecto,
1466 666 1512 721 sed
1531 667 1661 721 uoluntate
1680 675 1704 721 et
1724 666 1831 721 consitio
1844 676 1905 722 unte

249 768 329 816 aetate
341 758 469 835 ¹Gallieni
490 762 518 816 in
533 761 655 818 Ecclesia
669 761 858 832 serpnissa-ae
885 759 1051 830 divulgatum
1103 769 1238 833 tempora,
1263 770 1286 815 et
1308 769 1368 815 onte
1380 760 1474 816 secuta
1488 760 1591 832 ptenuru
1606 759 1689 815 Deum
1701 761 1825 825 astitisse,
1840 762 1904 816 ani·

248 850 473 919 [dissentientes
494 840 753 910 demonstrabimus.
775 852 885 909 larterim
907 852 1053 908 adnotasse
1103 855 1226 924 genitum,
1246 855 1478 921 insurrectiones
1501 866 1562 910 nate
1580 871 1657 927 psam
1679 856 1836 927 gigneretur,
1859 866 1905 911 aus

249 943 617 1003 conclamatissimum
638 944 1051 1003 Patriarehamhlesandriaum
1104 949 1266 1017 conderetur,
1283 960 1328 1005 aut
1348 950 1585 1020 preinircturnsn
1599 951 1700 1022 fuisse:
1719 969 1778 1007 nam
1802 952 1904 1023 ingeni·

250 1035 277 1093 in
298 1036 406 1093 budata
431 1036 547 1106 epistota
566 1037 709 1109 Ebionem,
726 1037 865 1109 Amatam
879 1051 911 1093 ae
924 1034 1051 1107 Samosa7
1104 1040 1158 1094 tum
1171 1057 1223 1096 non
1238 1051 1301 1097 erat
1327 1041 1497 1114 Emgitaruur
1514 1044 1595 1114 igitar
1616 1045 1687 1116 quod
1703 1043 1802 1101 Filium
1826 1046 1904 1116 prin·

252 1137 346 1187 tenum
359 1143 535 1191 enumerasse
560 1138 624 1187 anta
638 1129 969 1201 Caltteaurn,.ipsioaqne
989 1127 1053 1185 Cat·
1103 1132 1211 1202 eipium,
1229 1131 1312 1188 lterum
1329 1132 1433 1189 Patrem
1455 1148 1542 1187 eorem
1564 1135 1690 1208 principio
1709 1135 1819 1191 dicimus
1835 1153 1845 1204 ,·
1860 1146 1903 1191 at·

250 1220 315 1280 lieni
329 1231 420 1290 aute,
446 1229 538 1294 utpote
560 1224 606 1294 qui
628 1222 714 1295 magis
728 1223 756 1280 iu
777 1237 872 1281 errore
897 1221 1053 1279 conformes
1104 1241 1153 1293 que
1165 1226 1275 1280 turritae
1290 1226 1321 1280 de
1335 1242 1424 1290 enum,
1438 1237 1491 1282 tunt
1504 1230 1573 1299 quad
1588 1230 1708 1293 dicimus,
1721 1245 1780 1284 earn
1790 1246 1822 1285 es
1833 1230 1904 1285 uiti-

251 1315 359 1389 Arianae
372 1315 470 1373 heresi
485 1325 610 1373 stravere
621 1320 703 1371 viam.
728 1358 732 1365 .
1106 1317 1130 1371 to
1137 1328 1266 1384 constare,
1279 1332 1518 1391 rrosperscqnuntur
1532 1322 1685 1377 aduersarii.
1702 1320 1781 1378 istud
1791 1338 1851 1379 nero
1866 1324 1905 1378 sis

254 1453 318 1526 m
347 1453 425 1509 Arm
438 1455 508 1510 dm
533 1471 594 1510 mm
615 1469 714 1511 mom
728 1448 877 1510 {mmm
903 1462 927 1509 et
950 1453 1048 1507 mmm·
1104 1408 1162 1461 idco
1176 1408 1344 1474 asseruimus,
1358 1411 1427 1480 qaod
1445 1427 1496 1465 non
1511 1412 1544 1466 sit
1560 1427 1621 1478 pars
1635 1409 1685 1465 Dei
1699 1410 1800 1474 Patris,
1824 1427 1906 1483 rrcpsc

321 1494 327 1507 '
1096 1515 1137 1571 ‚ex
1164 1500 1218 1554 atto
1239 1500 1353 1569 ratperta
1377 1503 1480 1557 existat
1504 1501 1563 1558 Hae
1578 1503 1610 1558 de
1633 1520 1661 1559 re
1678 1520 1724 1559 rros
1747 1504 1907 1559 innectantur

288 1587 318 1647 S.
345 1588 502 1667 Alexandro
524 1590 558 1646 ad
582 1590 794 1665 Alexandrinam
819 1587 983 1649 criticorum
1005 1602 1052 1642 as·
1105 1588 1198 1658 (Extat
1213 1589 1284 1662 apud
1292 1589 1410 1657 fitted,
1429 1591 1500 1649 ltiss.
1514 1592 1591 1659 eret,
1613 1592 1907 1665 enuticusunus

256 1691 375 1753 sumpto,
399 1682 492 1751 Arius,
525 1682 618 1754 quise
638 1680 927 1754 posthabituminiouo
951 1680 1054 1737 terebat
1105 1682 1223 1747 sins,at
1246 1685 1341 1754 ntajnri
1361 1678 1654 1753 cnnrdoln'esprossit
1677 1687 1791 1755 ipsemet
1820 1686 1907 1743 Euse-

251 1774 469 1845 animatorias
491 1775 633 1833 tabescens
656 1776 856 1848 Maiandriane
880 1776 906 1832 in
934 1775 1052 1851 instratos
1066 1778 1090 1840 Β
1105 1776 1164 1830 luins
1176 1774 1390 1832 Nicoatediensis
1408 1777 1462 1831 hrii
1478 1776 1641 1847 hrianaeque
1664 1777 1775 1832 traeresis
1791 1777 1902 1832 ualidis-

251 1882 348 1939 ratores¹
364 1866 462 1922 mutire
475 1881 539 1923 eum
559 1882 612 1923 non
627 1877 729 1939 posset,
745 1868 779 1923 -in
794 1868 879 1939 ipsius
900 1869 1053 1924 doctrinam
1105 1866 1190 1921 simus
1205 1875 1405 1938 propugnator:
1428 1865 1596 1937 iterarentur
1620 1868 1652 1922 de
1671 1867 1771 1923 duetus
1783 1870 1907 1940 ingenitis

252 1957 362 2015 aenum
374 1972 472 2015 acuere
486 1972 570 2014 ausus
579 1967 631 2016 ιιι.
648 1958 719 2015 Nam
728 1975 788 2017 euos
798 1959 992 2017 s..atccuuner
1006 1957 1052 2013 Fi·
1106 1976 1153 2015 aas
1167 1960 1324 2026 audiuimus,
1345 1977 1426 2032 neque
1440 1977 1521 2016 anum
1536 1962 1563 2016 in
1578 1961 1631 2015 duo
1643 1961 1762 2029 diuisum,
1779 1979 1862 2033 nepus
1873 1964 1908 2017 it·

253 2051 317 2113 titrm
338 2052 505 2123 confiteretur
519 2053 615 2109 honore
638 2051 715 2109 Patri
736 2052 920 2125 squalemus
941 2051 1056 2124 ejusdem
1107 2053 1152 2109 tud
1166 2053 1408 2124 uttomcorpoream
1432 2052 1593 2122 affectionem
1617 2053 1724 2110 subiisse
1745 2055 1905 2123 didicimus,

253 2145 388 2213 muntia,
405 2160 439 2199 ιι
453 2145 560 2201 adraso
575 2145 653 2202 Arius
668 2145 875 2218 Filiamnssgarr'
893 2146 969 2219 coepit
981 2161 1055 2199 crea·
1105 2145 1276 2210 credimusne,
1293 2145 1403 2200 llomirre
1416 2148 1451 2200 mi
1464 2144 1589 2215 Pauline,
1603 2147 1647 2203 sed
1661 2148 1903 2220 snurniugenitam,

254 2245 350 2301 taram,
365 2246 389 2293 ιι
399 2236 540 2307 iacturam,
556 2246 579 2292 et
592 2237 673 2310 [aime
691 2237 806 2317 pnarrdab
816 2245 950 2302 nouerat,
960 2247 985 2293 et
999 2252 1057 2302 auce
1107 2253 1228 2292 arsames
1239 2253 1267 2291 eo
1279 2253 1344 2301 uere,
1361 2237 1406 2292 sed
1427 2255 1479 2293 non
1502 2255 1534 2293 ea
1548 2239 1759 2313 sutrrnnrinejas
1773 2240 1905 2311 genitum,

254 2311 342 2400 magii
350 2340 410 2385 sunt
420 2329 511 2398 impia.
527 2328 739 2404 ilignaprolseto
749 2345 818 2409 'pam
827 2374 829 2377 .
839 2329 1054 2385 aletrannum·
1108 2337 1208 2385 riuturu
1215 2331 1322 2402 ingeniti
1333 2331 1446 2395 omniuo,
1457 2341 1483 2386 ιι
1492 2335 1550 2405 ejas
1560 2331 1676 2387 emeratis
1689 2347 1780 2401 expers
1792 2329 1838 2403 (tn
1851 2329 1906 2400 ap.

255 2421 348 2479 dentur
362 2435 394 2474 ae
416 2429 513 2475 aterna
526 2420 641 2477 silentio.
654 2420 692 2477 lta
705 2420 853 2497 Gregorius
862 2420 1055 2479 Cassareensis.
1107 2423 1142 2477 ad
1155 2421 1287 2494 Pontia).
1303 2421 1390 2479 Unum
1402 2412 1550 2494 ingenitum
1560 2439 1621 2480 enm
1639 2423 1909 2480 bectesiaCatholics

255 2511 386 2589 Quanrris
396 2512 468 2567 eninr
492 2521 521 2568 et
534 2511 644 2585 virente
666 2514 864 2597 gloriosissimo
888 2514 1005 2589 ltartyre
1025 2517 1056 2576 S.
1109 2515 1219 2582 iatetnr,
1235 2525 1264 2571 ot
1276 2516 1398 2571 rideatur
1411 2515 1548 2572 Menandri
1564 2531 1685 2573 errorem
1699 2515 1841 2582 damnare,
1863 2518 1908 2588 qni

255 2602 337 2661 Petro
358 2602 543 2661 Alexandrino
566 2604 805 2671 Patriarcbanirus
828 2609 957 2678 ιιιρίιιιι
978 2624 1057 2667 suurn
1110 2606 1253 2662 hominurn
1267 2603 1292 2662 t.
1308 2605 1339 2661 C.
1362 2606 1471 2661 dicebat
1492 2609 1650 2679 ingenitum.
1669 2607 1819 2680 ingenitam
1835 2607 1911 2664 dice·

256 2695 337 2750 trinis
357 2708 496 2766 evomere,
517 2712 605 2769 eaque
621 2699 655 2756 de
669 2698 846 2771 caussa-tuerit
864 2702 899 2758 ab
913 2717 946 2759 eo
958 2703 1058 2775 degra-
1109 2697 1160 2755 hat
1181 2707 1209 2754 et
1225 2697 1310 2754 Ebioo
1325 2738 1334 2766 ,
1348 2707 1379 2753 ut
1393 2698 1474 2755 retert
1487 2700 1686 2758 Ttteodaretos.
1699 2698 1729 2756 ts
1745 2717 1824 2756 snam
1840 2702 1911 2756 dire-

256 2788 354 2846 datns:
368 2789 491 2847 Attamen
504 2801 565 2847 tane
577 2792 618 2865 (ot
631 2792 777 2851 Christiani
796 2793 865 2865 Lupi
881 2797 973 2853 verbis
987 2799 1058 2870 utar)
1110 2790 1154 2846 W
1171 2791 1323 2862 &limittit
1349 2792 1414 2847 iiiut
1439 2802 1463 2846 ct
1481 2809 1550 2863 nos,
1571 2801 1595 2847 ‘t
1615 2809 1673 2847 ‘tm
1686 2793 1834 2850 “studebat
1856 2809 1912 2849 Νι

257 2890 346 2951 narrate
356 2882 484 2939 duntaeut
498 2882 629 2941 liturnum
643 2887 786 2956 muniente
806 2898 830 2942 ιι
856 2889 959 2959 puplice
976 2908 1060 2963 popu.
1111 2882 1201 2936 mnndi
1223 2883 1351 2953 opiticum.
1366 2883 1408 2939 ab
1423 2898 1454 2938 ea
1469 2883 1586 2951 vafritie,
1600 2899 1680 2955 quam
1692 2885 1719 2940 iu
1733 2883 1913 2942 Santosateno

158 2981 161 2987 ’
258 2975 313 3029 iuris
336 2974 554 3033 doeereneednm
569 2986 681 3047 potunt.
698 2981 843 3037 Alexandri
859 2996 925 3038 ivero
938 2993 1060 3054 rampone,
1111 2977 1214 3033 neuun
1228 2974 1257 3033 S.
1274 2975 1417 3051 Dionysius
1433 2978 1639 3053 Alexandrinus.
1658 2978 1734 3045 Quod
1743 2988 1831 3034 aalma
1846 2978 1912 3033 dicit

256 3065 312 3138 jain
326 3064 462 3127 sicardus
484 3083 516 3128 ae
529 3069 610 3127 Verbi
637 3071 799 3143 praedicandi
825 3073 875 3147 ipsi
898 3074 1058 3134 dapmnum
1111 3070 1256 3142 ingenitum
1267 3068 1393 3139 Patrem,
1407 3070 1469 3127 dicit
1489 3080 1517 3126 ut
1538 3072 1630 3127 deceat
1643 3069 1774 3127 Christum
1785 3081 1912 3127 recentem

258 3175 334 3230 currat,
362 3173 457 3235 aperte
479 3163 512 3219 in
527 3164 706 3222 concionibus
730 3166 885 3238 apostolicae
908 3168 1056 3225 Alexandri
1071 3161 1095 3226 G
1109 3180 1183 3230 esse,
1197 3174 1388 3220 etereaturorn.
1418 3165 1566 3222 indivisam
1589 3177 1617 3222 ιι
1640 3167 1829 3240 incorporeum
1844 3167 1912 3223 dicit

259 3253 392 3311 doetrinae
417 3255 573 3327 detrahere,
599 3257 761 3329 Ebioniaue,
784 3262 915 3328 Artemo,
938 3273 965 3318 et
981 3262 1059 3319 Pauli
1113 3257 1214 3324 Deum,
1229 3258 1362 3313 ntinnuat
1377 3257 1534 3313 Catlroticos
1546 3259 1853 3316 consubstantialitatem
1866 3259 1914 3316 Fi·

258 3355 367 3403 errores
382 3357 518 3404 recoctam
534 3350 617 3406 nansi
642 3353 779 3410 crambem
805 3369 944 3424 opponere
966 3356 1059 3427 coepir.
1112 3351 1141 3407 lii
1155 3366 1217 3407 cum
1241 3350 1323 3407 Patre
1346 3352 1528 3420 sustinentes,
1550 3351 1711 3408 divisionem
1737 3353 1763 3407 iu
1792 3352 1846 3408 heo
1865 3350 1915 3408 ad·
2009 3413 2012 3417 ⁴

260 3438 367 3509 (laude
387 3442 790 3503 rsabeodoms.ute1aanro
802 3447 956 3514 damnatus,
978 3460 1060 3522 atque
1112 3445 1232 3501 mittere.
1261 3444 1299 3510 ld,
1327 3455 1353 3500 et
1383 3444 1514 3501 Praxeani
1540 3445 1689 3501 Catholicis
1716 3446 1915 3502 succensebant

259 3531 294 3585 ab
309 3530 430 3588 Ecclesia
451 3532 563 3603 eiectus,
587 3536 698 3593 Ebiorns
721 3548 750 3594 es
774 3539 896 3596 Aruernus
923 3541 1060 3611 hareses,
1114 3538 1182 3594 laiso
1204 3534 1343 3608 reiiginnis
1365 3540 1435 3604 zeto,
1463 3545 1493 3592 nt
1511 3553 1544 3593 ex
1573 3537 1754 3594 Tertulliano.
1780 3537 1915 3605 Quomodo

260 3638 328 3694 qaas
354 3625 526 3698 divulgarat,
542 3643 557 3683 a
571 3643 679 3686 summo
693 3631 822 3701 poradttee
834 3631 945 3690 Victore
967 3633 1060 3690 Roma
1113 3641 1198 3690 arteni
1217 3647 1338 3687 nummus
1355 3632 1411 3685 sine
1423 3631 1547 3685 diuisione
1560 3640 1680 3702 ponatur,
1693 3632 1860 3700 procedentes
1874 3648 1915 3686 re·

260 3717 412 3784 damnatas,
429 3719 559 3792 Paulique
572 3719 752 3789 Samosateni,
772 3725 818 3795 qai
839 3741 887 3783 eas
909 3726 1062 3783 instaurare
1114 3733 1239 3779 tractatas
1252 3703 1474 3780 demonstrabunt.
1495 3722 1808 3779 consubstantialitatem
1825 3724 1915 3793 iraque

261 3823 343 3866 uastis
355 3821 408 3877 est,
422 3817 497 3868 mata
507 3814 697 3885 episcoporum
720 3815 870 3887 trequeatia
897 3818 924 3873 in
946 3820 1064 3878 concilio
1113 3824 1195 3886 negat
1214 3814 1358 3871 Eusebius.
1374 3813 1461 3870 tinum
1473 3817 1634 3887 ingenitum,
1649 3832 1730 3870 anum
1749 3832 1781 3871 ea
1800 3832 1829 3871 eo
1847 3833 1914 3881 nere,

261 3901 431 3958 trutinemus
455 3902 622 3975 profligatas,
647 3906 746 3964 docere
769 3922 802 3965 ac
830 3909 975 3967 defendere
1000 3927 1061 3968 cum
1114 3907 1481 3979 sednonessntstautiaejus
1494 3909 1618 3978 penitam,
1632 3908 1917 3980 nataruinpmitiorn·

262 4006 315 4048 nort
338 3992 462 4062 auderet,
488 3994 596 4052 caulius
619 4012 714 4070 agens,
736 4000 846 4058 easdem
869 4001 1065 4062 circumvetare
1115 4002 1187 4061 nitro,
1202 4011 1225 4054 et
1239 4003 1421 4074 ejuscssents'ae
1434 4017 1534 4071 expers.
1554 4001 1629 4057 titios
1648 4015 1716 4070 quos
1730 3998 1917 4072 Ariusapcrte

260 4088 368 4160 altoque
379 4099 490 4160 aspecta
503 4092 668 4151 concinnare
682 4096 798 4154 curarit.
815 4093 882 4151 illuri
898 4097 925 4152 in
945 4098 1040 4167 primis
1056 4118 1063 4156 ς
1115 4091 1332 4149 asseriterrorcs
1346 4107 1379 4148 cs
1396 4103 1492 4163 nugata
1507 4092 1791 4149 consubstantialitate
1805 4108 1917 4150 tuanen·

261 4179 398 4237 Christum
411 4196 510 4254 nempe
522 4194 586 4240 ante
600 4184 711 4242 Mariam
733 4202 786 4243 noa
800 4186 884 4245 icisse
902 4206 909 4254 ;
926 4187 1066 4262 fuisseque
1118 4194 1158 4240 tes
1177 4185 1286 4241 dictitio
1313 4185 1449 4255 prseteriu
1473 4199 1571 4256 nempe
1596 4184 1694 4242 Filium
1718 4201 1772 4241 non
1794 4186 1917 4242 extitisse

262 4280 369 4344 tempus
391 4274 501 4346 quanda
525 4291 578 4332 non
600 4278 682 4334 tuerit
701 4277 808 4347 Filius3
823 4281 1064 4351 mutabilemanea
1116 4287 1260 4349 antequam
1283 4277 1450 4349 gigneretur,
1470 4288 1515 4332 aot
1538 4276 1717 4334 conderetur:
1744 4287 1816 4335 etex
1831 4277 1918 4333 nihilo

262 4366 321 4424 beo
334 4376 479 4424 creatam:
505 4368 564 4435 bas,
588 4370 708 4441 inquam,
725 4388 792 4445 quas
816 4375 905 4445 primo
928 4381 1068 4446 sparserat
1117 4373 1200 4429 titisse
1212 4372 1386 4444 productum.
1400 4380 1430 4426 at
1443 4370 1577 4442 dogmatis
1587 4373 1671 4439 utras,
1688 4379 1817 4441 quantum
1832 4370 1915 4437 valet,

263 4457 469 4525 blasphemias,
495 4464 531 4516 tta
555 4464 727 4533 temperavit,
757 4473 786 4520 ut
811 4463 942 4522 tutaretur
967 4465 1065 4522 Filiam
1119 4463 1279 4521 abscondat.
1313 4464 1388 4521 itane
1423 4463 1482 4519 atrii
1514 4463 1627 4534 eiusque
1656 4471 1819 4519 sectatorum
1845 4466 1918 4518 circa

262 4559 326 4606 ante
341 4560 473 4622 tempora,
488 4564 515 4610 et
529 4558 701 4611 aatesmctrta
717 4557 826 4627 plenum
840 4558 926 4614 iteum
941 4558 1065 4614 extitisse
1076 4540 1105 4602 Ῑ)
1118 4570 1183 4612 suos
1196 4570 1303 4612 errores
1324 4555 1482 4610 varietatem
1502 4555 1607 4610 notarit
1630 4554 1807 4625 tricastinus.
1832 4553 1919 4608 Asudio

263 4641 449 4715 Urtigenitum,
464 4647 681 4716 immutabilem,
695 4663 826 4722 suamquc
841 4652 950 4723 impiam
964 4651 1066 4708 doctri·
1119 4666 1164 4706 sos
1182 4654 1240 4723 jam
1260 4648 1419 4728 emendasse,
1435 4664 1468 4702 an
1487 4649 1554 4719 torte
1567 4648 1663 4718 laisum
1682 4655 1718 4702 est
1744 4662 1787 4701 eor
1806 4646 1918 4700 bocati-

263 4752 326 4793 nam
341 4738 426 4796 vetusti
440 4740 604 4797 enttroticunt
620 4742 717 4812 dogma
732 4742 886 4808 venditans,
911 4755 941 4798 ιι
965 4742 1066 4799 docere
1108 4743 1331 4814 ,numeraretur
1352 4744 1420 4812 quod
1433 4742 1511 4812 [nuit
1521 4741 1661 4811 aliquando
1676 4738 1753 4795 Pater
1765 4741 1820 4795 sine
1832 4738 1920 4794 Filio?

264 4829 400 4897 protessus
413 4839 465 4898 est,
477 4831 574 4888 Filium
590 4848 643 4889 aon
660 4848 721 4890 esse
732 4834 892 4904 ingenitum,
908 4833 1064 4903 ntPatrem,
1120 4845 1251 4910 tamquam
1263 4836 1338 4910 trieris
1353 4836 1400 4890 tus
1413 4845 1509 4890 oetcrno
1521 4836 1576 4890 siue
1588 4834 1700 4889 candore
1719 4849 1793 4904 praem
1819 4836 1917 4905 genuit.

263 4934 351 4991 raeque
367 4931 469 4993 panem
485 4924 609 4996 ingeniti,
624 4924 651 4982 in
664 4940 697 4983 ea
712 4925 867 4982 Catbotieos
881 4942 1007 4998 carpens,
1019 4937 1064 4983 ut·
1120 4928 1153 4984 Et
1166 4928 1196 4983 ia
1213 4926 1290 4981 libais
1303 4926 1482 4981 del'rinitate
1499 4945 1506 4981 :
1527 4924 1557 4982 Si
1573 4925 1659 4981 Filius
1673 4934 1721 4988 cst,
1739 4934 1813 4979 rietus
1832 4925 1920 4991 esr,si

264 5020 329 5080 pate
343 5013 389 5083 qui
401 5013 499 5071 Filiam
513 5016 586 5073 Patri
600 5017 732 5089 maantam
747 5027 913 5086 asserentes,
930 5015 1066 5090 cirrstlern·
1117 5029 1195 5075 iratas
1208 5029 1255 5082 ert,
1272 5029 1325 5073 mat
1338 5028 1436 5089 tempas
1455 5017 1621 5086 quandonam
1644 5027 1699 5073 erat
1715 5015 1810 5072 Filius.
1827 5015 1920 5072 Poste·

265 5107 501 5178 antesubstantim,
517 5111 614 5169 Filium
630 5113 779 5185 ingenitum
794 5113 924 5182 tacerent,
946 5123 1065 5185 partera·
1117 5111 1198 5164 riores
1220 5108 1311 5164 Ariani
1332 5109 1477 5180 abiecerat!
1501 5109 1577 5163 istam
1607 5108 1769 5164 sententiam.
1793 5107 1834 5163 ΑΙ)
1858 5107 1920 5177 iliis)

264 5214 391 5268 neeesse
412 5201 571 5261 substantie
598 5206 687 5262 Patris
709 5206 851 5265 docerent.
873 5209 955 5266 Suam
976 5218 1065 5264 tamea
1117 5209 1240 5258 veromet
1265 5201 1329 5258 Ario
1349 5200 1418 5257 banc
1431 5201 1608 5256 variationem
1623 5205 1739 5271 cmptsse
1756 5207 1865 5254 constat
1884 5213 1919 5253 ex

264 5290 431 5361 impietatem
447 5297 577 5365 resistens,
595 5300 693 5356 ibidem
704 5300 830 5368 docebat,
847 5301 945 5357 Filium
961 5317 994 5357 cx
1010 5302 1065 5357 ullo
1118 5294 1151 5349 iis
1166 5309 1226 5364 qtrm
1241 5309 1321 5366 snpra
1335 5295 1386 5350 troc
1402 5295 1429 5348 in
1444 5292 1539 5349 eodeni
1554 5291 1722 5363 paragrapho
1735 5307 1768 5348 es
1794 5288 1921 5347 Theodo-

264 5383 408 5454 ssubteew.
423 5386 494 5456 estod
510 5387 583 5444 idem
604 5402 656 5455 cst,
671 5405 702 5447 ae
716 5407 748 5447 es
767 5393 865 5460 nihilo,
880 5394 927 5448 sed
941 5392 1066 5449 volunta·
1118 5395 1178 5444 reto
1190 5387 1341 5443 retulimus.

266 5482 292 5532 ιι
311 5486 340 5532 ιι
362 5477 478 5535 consitio
493 5477 581 5536 Patris
594 5489 725 5548 creatum;
741 5484 1064 5553 aureqrrarngigneretnr,

266 5582 320 5625 non
330 5568 413 5626 tuisse
425 5584 477 5644 pro
489 5573 672 5644 generationis
687 5576 771 5631 verbo
783 5580 948 5631 creationem
967 5576 1067 5632 inteili-

265 5674 344 5733 gens.
368 5661 433 5720 liae
453 5664 545 5721 omnia
565 5680 600 5722 ex
624 5665 709 5737 ipsius
729 5667 788 5723 Arii
802 5667 921 5739 Epistola
936 5668 969 5724 ad
984 5669 1069 5726 huse-

266 5751 341 5811 btnm
368 5758 526 5831 episcopum
553 5755 789 5817 nicomediensem
816 5760 916 5818 elarius
938 5762 1070 5836 intelligo.
1158 5749 1274 5824 Pr'opria
1288 5749 1348 5808 unt
1364 5747 1748 5823 ejusquesectarorumrerbr
1761 5747 1858 5808 suisio
1872 5763 1924 5806 es·

1119 5523 1183 5596 ix.
1198 5554 1234 5567 -
1259 5523 1379 5597 Propriae
1404 5524 1461 5579 Arii
1479 5523 1696 5614 Arianorrrnrqney
1710 5503 1843 5580 satorum
1864 5523 1922 5591 {or-

1264 5618 1341 5673 mutce
1355 5619 1409 5672 sais
1421 5618 1448 5672 in
1460 5617 1621 5689 explicandis
1632 5616 1771 5673 erroribus.
