4142 6175
156 276 211 333 ote

862 283 1098 342 utsststttnrte.

1757 289 1810 348 bil

156 396 234 465 pejore
260 402 296 446 rst
318 392 436 464 peritiam
448 394 577 451 desiderat
592 412 637 467 per
660 409 786 454 rrronrerttn
808 401 959 472 patrocinio.
976 400 1001 463 Α
1052 400 1170 471 Tempus
1179 401 1272 468 etiam,
1288 416 1342 481 quo
1357 402 1401 460 liic
1416 404 1446 460 b.
1460 404 1577 461 Zenonis
1587 405 1729 462 Trachtus
1743 406 1812 462 scri·

157 487 196 542 lte
214 487 365 556 patrocinio
378 504 435 545 sua
458 491 577 560 ipsorum
603 501 685 546 secte
705 492 911 559 aCortstantio,
933 503 961 548 et

156 578 290 647 Veniente,
305 581 514 651 imperatoribus
528 581 681 638 ahArianis
691 592 959 656 captatoespouere,

156 693 219 747 quo
232 678 302 734 ratio
317 677 376 733 est?
386 678 453 733 Nato
467 688 495 735 et
509 692 569 751 post
582 681 699 752 primum
722 683 851 740 eierasse
872 700 960 740 suert-

156 771 213 826 lunt
226 769 450 841 imperatoribus,
461 788 493 829 ao
506 773 630 830 Rornano
643 778 748 832 senatui
763 778 870 832 oblatas
881 776 962 832 Chri·

155 865 309 919 stiauorum
323 862 499 921 defensiones
513 863 598 921 luisse
611 876 736 933 eonstat;
751 880 779 925 et
801 883 815 923 a
836 870 866 925 S.
887 869 961 937 Qua-

157 957 241 1013 drato
267 955 435 1013 Athenarum
460 959 607 1029 episcopo,
627 970 707 1030 utque
730 960 866 1028 Aristide,
883 960 962 1018 ctor-

155 1050 431 1123 stianonilosopbo,
444 1051 580 1108 ilrrdriauo
591 1053 747 1124 imperatori
761 1075 767 1111 :
782 1057 837 1113 aS.
854 1057 961 1113 tustino

160 1158 283 1218 martyre
298 1146 414 1217 primum
430 1147 568 1205 Antonino
581 1149 639 1215 Pio,
657 1160 712 1205 tum
729 1151 820 1207 blareo
833 1153 959 1217 Attrelio,

155 1248 185 1295 et
199 1238 282 1295 Lucio
297 1239 368 1296 Vero
382 1240 602 1311 imperatoribus,
617 1257 649 1296 ac
660 1244 766 1298 senatui
777 1243 917 1308 Romnum
933 1252 961 1298 ot

155 1348 171 1386 a
188 1333 319 1389 blelitoue
330 1335 460 1404 episeopo
471 1333 600 1389 Sardeosi
617 1335 642 1389 in
658 1336 733 1401 Asin,
748 1336 837 1392 Alorco
848 1337 960 1391 Aurelio

155 1425 318 1495 imperatori
334 1437 432 1493 :atque
443 1426 477 1481 ob
488 1427 562 1493 aliis,
575 1442 674 1497 nempe
691 1426 725 1482 ab
734 1427 883 1497 Apollinari
899 1428 960 1491 epi-

154 1531 242 1601 seopo
259 1517 472 1588 llerapolitano,
502 1536 516 1572 u
540 1520 657 1591 lliltiade
679 1521 818 1592 inrotogo,
839 1532 866 1577 et
888 1522 959 1577 aliis.

4 1619 5 1640 ι
85 1614 92 1621 ’
154 1606 329 1669 Christianos
343 1625 409 1665 rere
425 1625 486 1667 esse
507 1627 576 1675 eus,
593 1614 638 1682 troi
658 1630 750 1685 regum
766 1617 877 1671 nontine
892 1632 960 1669 noo·

155 1710 304 1771 cupantur,
319 1704 472 1771 excogitata
484 1703 673 1775 interpretatio
686 1714 743 1771 est,
761 1706 832 1761 nulla
852 1709 894 1762 rel
909 1708 960 1763 leri

1013 503 1075 562 ptus
1088 493 1183 561 ltrerit,
1197 495 1334 565 conlisere
1353 496 1404 552 sibi
1424 512 1503 566 posse
1524 497 1651 556 vitientur
1664 499 1808 555 clarissimi

1012 584 1149 641 ballerinii
1167 587 1248 657 (Adri.
1268 584 1333 657 esi:
1349 589 1424 653 Quod
1443 589 1466 643 si
1483 590 1525 643 etti
1540 590 1676 659 probetur,
1692 593 1751 665 jam
1768 589 1811 644 lric

1012 680 1113 749 primns
1125 679 1261 736 Troetnttts
1271 670 1421 736 tacueritis
1432 682 1523 752 [nisset
1536 693 1594 753 post
1607 683 1676 738 diem
1690 693 1811 754 quartum

1012 770 1076 826 llol.
1092 771 1188 840 Aprilis
1206 789 1274 826 anno
1289 772 1358 835 564,
1373 789 1424 844 qao
1443 771 1536 829 Valens
1551 790 1659 846 regnare
1670 775 1756 843 erepit.
1771 774 1810 831 lta

1012 864 1074 934 ipsi.
1085 863 1151 919 Cum
1168 880 1235 920 rere
1249 864 1367 920 alienam
1383 880 1478 921 eorum
1490 867 1637 923 viderimus
1648 867 1811 939 iuterpreta-

1013 957 1125 1025 tionem,
1142 958 1241 1014 excidit
1253 959 1410 1028 conjecturo
1423 960 1564 1029 tentporis.

1046 1051 1075 1108 Si
1090 1067 1156 1108 nero
1169 1051 1337 1121 conjecturis
1352 1052 1491 1124 indulgere
1511 1053 1609 1119 liccat,
1635 1055 1734 1126 potiori
1747 1055 1810 1125 jure

1011 1154 1075 1199 ante
1095 1160 1196 1200 anuum
1216 1145 1248 1200 C.
1264 1144 1328 1206 234.
1344 1161 1398 1217 qtto
1411 1145 1544 1215 Origenes
1557 1147 1657 1202 obiisse
1671 1148 1809 1216 creditur,

1011 1235 1054 1292 nel
1068 1246 1129 1306 post
1140 1236 1224 1306 ipsius
1237 1237 1360 1307 llrigettls
1372 1238 1487 1305 obitum,
1503 1247 1646 1295 tractatum
1658 1238 1729 1295 huuc
1742 1241 1810 1295 scri·

1012 1339 1086 1397 ptum
1098 1328 1182 1383 luisse
1192 1328 1336 1384 dicendum
1344 1330 1403 1386 erit.
1418 1328 1588 1401 cottjectora
1599 1331 1680 1402 ltrtjus
1690 1333 1810 1390 rationes

1010 1419 1226 1476 consideremus.

1049 1515 1137 1570 Prima
1150 1515 1220 1570 ratio
1235 1525 1292 1580 est,
1308 1516 1379 1587 qnod
1402 1516 1446 1572 bie
1465 1516 1608 1574 Tractatus
1624 1517 1738 1587 epistola
1759 1533 1807 1588 po-

1011 1605 1064 1660 tius
1077 1605 1160 1662 luisse
1174 1607 1290 1673 ridetur,
1306 1624 1386 1678 quatu
1403 1608 1499 1665 coracio
1511 1609 1544 1664 atl
1557 1609 1690 1680 Populum
1704 1610 1807 1666 habita.

1011 1699 1048 1754 lta
1059 1701 1189 1756 adnotant
1202 1702 1311 1771 ipsimet
1328 1703 1520 1773 sapientissimi
1532 1703 1672 1760 ballerinii
1693 1724 1700 1760 :
1719 1704 1808 1761 Unum

154 1794 317 1861 conjectura
333 1793 452 1848 srtffpttp.
478 1794 580 1851 sensns
595 1798 695 1867 quippe
717 1800 842 1868 propr-ips
863 1801 959 1855 altaro.
975 1785 997 1845 B
1011 1794 1078 1847 iliad
1088 1796 1218 1857 rrrooelrot,
1234 1796 1343 1850 oenone
1354 1797 1465 1867 primaru
1478 1795 1634 1852 Zenertionis
1645 1796 1808 1854 Tractatiltts

156 1901 220 1940 runt
235 1887 382 1941 verborum
397 1895 448 1943 est.
465 1888 608 1945 Trrtetatus
621 1889 696 1945 Fidei
708 1907 786 1946 suum
800 1892 915 1961 pondus,
932 1903 960 1947 et

157 1978 234 2034 sices
247 1978 420 2035 emendicare
434 1996 449 2035 a
463 1982 583 2053 regibus,
595 1998 611 2036 a
623 1983 770 2052 jndicibus,
787 2000 802 2039 a
818 1986 959 2054 divitibus,

159 2084 190 2127 et
203 2072 273 2141 guod
289 2073 375 2145 magis
388 2084 476 2146 urget,
489 2076 522 2130 ab
547 2076 602 2146 ipsa
618 2078 758 2147 gentilium
770 2078 957 2151 philosophia,

163 2167 355 2239 atquelabulis
370 2178 525 2238 poetarum
551 2170 623 2241 quod
645 2169 743 2227 lactum
771 2172 854 2228 luisse
875 2173 901 2227 in
918 2190 961 2229 re-

163 2261 278 2318 censitis
301 2276 350 2331 pro
367 2261 521 2318 christianis
545 2263 678 2333 apologiis
701 2264 729 2319 in
753 2264 879 2321 confesso
907 2275 959 2322 est.

160 2353 223 2424 lpse
236 2370 352 2425 natuque
365 2354 393 2412 S.
406 2354 528 2410 lustitrus
547 2363 667 2429 martyr,
682 2357 772 2412 aiente
790 2357 906 2412 Ettsobio
921 2358 958 2430 (l.

160 2462 187 2498 tr·
203 2444 274 2500 Hist.
291 2463 315 2501 c.
334 2444 390 2517 l8),
407 2446 594 2503 defensionem
607 2463 657 2519 pro
668 2446 848 2513 Christianis,
866 2450 960 2505 ubido

157 2536 314 2594 Claristiaua
331 2537 397 2595 Fide
412 2539 508 2610 agitur,
526 2539 587 2594 Non
602 2540 686 2594 solum
696 2541 805 2601 riestris.
819 2541 848 2595 id
863 2550 900 2595 est
912 2540 961 2595 [li-

157 2633 236 2693 n'rris,
250 2632 385 2688 sedetiam
400 2631 535 2704 gentilium
558 2634 660 2703 scriptis
674 2635 876 2702 confirmaverit.
898 2632 961 2689 lime

158 2723 190 2779 S.
203 2722 322 2780 Zenonis
338 2725 364 2779 iu
378 2724 465 2780 allatis
479 2726 570 2781 serbis
585 2727 773 2795 interpretatio
793 2726 878 2797 ipsius
895 2741 961 2781 con·

160 2817 245 2873 textui
260 2829 394 2873 consonat
406 2861 414 2886 ,
425 2832 487 2874 curn
503 2817 554 2874 boc
570 2819 595 2872 io
608 2819 703 2874 eodem
719 2834 835 2874 numero
849 2818 883 2874 tle
896 2817 962 2873 doc·

160 2913 326 2981 tristegas,
343 2927 396 2966 non
419 2911 453 2967 de
469 2913 495 2966 ri
517 2928 566 2983 per
579 2912 775 2982 imperatores,
799 2911 960 2981 prelecteS,

159 3005 201 3058 rel
212 3003 320 3072 judices
330 3003 480 3060 Catholicis
493 3004 586 3059 inlata.
605 3003 684 3060 Nunc
698 3005 761 3059 seire
772 3006 864 3074 cuprio,
880 3003 961 3058 Fides

160 3114 192 3151 ea
205 3096 324 3152 doctrino
335 3107 449 3166 constet,
462 3115 496 3152 on
509 3114 540 3153 es
551 3097 720 3163 credulitate,
735 3114 767 3151 ort
787 3114 819 3152 ear
832 3098 961 3168 atroque?

159 3298 191 3336 oc
205 3298 251 3348 per
271 3280 320 3335 hoe
335 3282 389 3336 illis
410 3281 599 3336 constitutionis
619 3291 713 3336 nostrae
730 3282 883 3337 decernendi
903 3291 961 3336 sttrtt

162 3375 232 3437 libri,
244 3384 272 3427 ut
280 3374 380 3445 possim
389 3385 444 3429 esse
455 3375 572 3446 perfecti.
584 3373 606 3428 l)
616 3391 693 3445 quom
707 3375 802 3430 irrisero
814 3384 852 3430 est
867 3371 959 3438 Fides,

161 3483 240 3536 qaam
253 3466 329 3521 neria
341 3466 515 3520 concitarant!
534 3463 650 3534 anom
671 3465 779 3532 debilis,
803 3467 879 3530 cuins
898 3481 963 3534 qna·

161 3563 224 3617 tidie
238 3561 400 3633 dissipantur
422 3561 499 3615 unriis
514 3560 778 3634 orpurrtentotionihus
790 3558 922 3613 uterrtbrn!
939 3557 960 3611 0

162 3671 239 3723 qrrom
251 3653 400 3723 indefenso,
412 3669 469 3725 pare
484 3669 584 3726 repom,
595 3660 649 3707 etc.
667 3652 820 3707 huctriuant
835 3693 842 3718 ,
857 3651 961 3718 libros,

160 3748 262 3812 rerba,
286 3746 535 3817 argumentationes
562 3744 607 3799 hie
626 3744 762 3800 enuntiari
793 3741 885 3809 rides,
909 3759 962 3797 nou

162 3856 257 3905 arina,
275 3856 329 3895 nnn
352 3838 468 3902 milites,
483 3838 549 3894 utin
566 3835 616 3894 SS.
636 3837 745 3893 Petrum
760 3836 921 3893 testimoniis
937 3838 963 3892 itt

160 3933 337 3989 adnotatione
349 3932 472 3987 adductis
489 3925 649 4002 inspicitur,
662 3929 692 3986 S.
706 3929 846 3985 Ambrosii
864 3947 871 3983 ε
890 3930 964 3986 l’one

162 4043 231 4082 ritrrrr
246 4036 308 4080 oute
320 4034 482 4097 conspectant
496 4023 662 4079 serenioribus
681 4023 792 4077 Arianos
813 4022 909 4078 stodiis
921 4023 964 4077 in·

161 4129 261 4187 tentos,
282 4118 326 4186 qut
346 4117 502 4172 Societatem
521 4116 639 4184 potentior
656 4114 761 4187 Regalis
777 4113 918 4183 affectunt,
938 4123 965 4168 ut

161 4211 241 4265 aroris
251 4209 404 4263 atrilitnrt'lrns
415 4209 565 4280 impugnent
579 4206 703 4262 Ecclesiae
714 4206 855 4272 ueritatem
870 4205 899 4261 S.
916 4205 963 4260 lll-

163 4304 226 4361 larii
242 4322 250 4359 ε
266 4303 357 4375 Neque
375 4314 464 4374 posteo
485 4311 660 4373 prosternant,
682 4309 758 4371 utque
780 4309 924 4371 usurpent,
942 4309 967 4355 et

164 4407 255 4469 putent
278 4414 305 4453 se
325 4391 464 4453 monetans
476 4411 629 4468 ropnoseere
643 4393 819 4462 Clerieorttm,
845 4403 869 4448 et
891 4394 966 4448 inno·

162 4507 247 4550 cernes
259 4493 376 4549 homines
390 4494 470 4548 acriis
480 4492 707 4564 afflictationibus,
721 4488 808 4558 ntint's,
824 4489 966 4555 violentiis,

162 4587 305 4642 terroribus
318 4588 447 4659 frangere,
463 4598 540 4654 otone
554 4600 655 4640 necare.

202 4680 230 4738 Si
243 4695 308 4736 reru
320 4679 522 4750 penitussaneti
534 4678 650 4734 Zertotris
660 4691 769 4732 sensnm
780 4675 965 4748 inspiciamus,

162 4792 219 4832 noo
236 4782 352 4846 possunt
367 4774 452 4845 ipsius
471 4773 552 4830 rerba
566 4772 626 4828 siue
645 4771 787 4827 utanilesta
811 4769 968 4825 extorsione

164 4872 202 4927 de
217 4872 410 4940 imperatorum
423 4868 585 4924 Asianorum
598 4866 769 4936 protectione
780 4864 838 4919 Arii
855 4861 967 4919 asseclis

163 4965 288 5037 prestita
311 4963 435 5033 intelligi.
460 4962 513 5033 lpsi
535 4976 651 5031 natuque
675 4962 853 5029 imperatores
873 4957 966 5012 Fidem

164 5057 384 5127 oppositionum
400 5070 432 5110 ac
452 5055 487 5112 de
502 5069 535 5111 eo
548 5055 575 5108 iu
591 5052 705 5108 laudatis
718 5050 840 5107 textibus
853 5049 969 5104 Ambro-

164 5149 242 5213 sius,
265 5157 293 5203 et
307 5147 425 5204 llilnrins
443 5157 658 5218 conqueruntur.
679 5146 708 5203 S.
729 5142 920 5231 autem'Zeno
934 5143 968 5200 de

164 5238 322 5313 patrocinio
336 5240 371 5296 ab
394 5239 602 5305 imperatoribus
622 5236 777 5309 praestando
797 5237 872 5307 agit,
895 5236 968 5306 qtrotl

165 5335 324 5405 sigtriitcsnt
336 5333 382 5389 illa
396 5335 478 5390 rerba
494 5350 502 5388 s
518 5331 671 5388 Desiderari
682 5348 727 5403 per
739 5339 868 5385 nromento
878 5338 967 5400 patro·

165 5429 247 5484 cirria.
263 5427 292 5482 bt
302 5427 333 5482 S.
344 5426 509 5495 Quadratus,
529 5427 559 5484 S.
575 5425 698 5483 lustinus
712 5425 813 5487 aliisue
826 5423 968 5494 apologia·

165 5538 230 5580 rutn
249 5521 403 5592 Scriptores
423 5523 458 5579 ab
477 5520 704 5592 imperatoribus,
719 5528 747 5575 et
765 5518 866 5575 Senatu
888 5531 970 5586 espe-

167 5618 279 5679 tebant,
296 5624 327 5670 nt
342 5630 357 5669 a
383 5615 571 5685 persecutione
590 5618 748 5677 cessarent,
768 5620 796 5665 et
812 5617 970 5680 perseeuto-

168 5708 244 5764 ribus
263 5707 418 5779 judicibus,
442 5706 622 5778 presidibus,
648 5704 780 5760 ministris
799 5701 970 5759 Cirristianos

171 5802 273 5859 liberos
288 5815 351 5859 ease
364 5800 502 5871 iuberent.
840 5805 846 5816 “

1011 1904 1212 1955 accensereutns,
1226 1890 1295 1959 qaod
1310 1890 1417 1961 epistola
1430 1892 1517 1958 potius
1527 1890 1560 1944 nd
1571 1892 1718 1961 quendam.
1733 1909 1809 1965 quem

1011 1982 1131 2037 Fratrem
1142 1983 1269 2054 appellnt,
1281 1986 1393 2051 trudito,
1406 2001 1484 2054 quom
1497 1995 1620 2040 tractatus
1632 1988 1666 2039 od
1677 1984 1810 2056 Populum

1013 2075 1116 2129 halitus
1128 2076 1262 2143 oideotnr;
1277 2092 1336 2130 eant
1351 2076 1419 2131 entim
1434 2087 1556 2147 perpetuo
1575 2076 1728 2146 alloquitur,
1741 2077 1810 2131 ntul-

1011 2171 1094 2238 tispne
1105 2170 1262 2241 argonensis
1276 2170 1308 2223 ub
1320 2170 1449 2244 ejusmodi
1461 2168 1630 2225 Troetotnrtm
1646 2171 1806 2240 scriptiorte,

1013 2278 1071 2332 quc
1085 2260 1163 2330 pietro
1175 2270 1228 2315 erut
1241 2261 1365 2330 penculi,
1379 2263 1550 2325 deterrerent
1565 2278 1681 2317 otrtoaere
1690 2273 1808 2317 conatur.

1011 2353 1132 2416 Accedit,
1152 2352 1221 2423 quod
1236 2352 1330 2407 Petrus
1351 2351 1435 2419 Colo,
1453 2346 1564 2408 Ordinis'
1584 2353 1809 2421 Prodieotomrn,

1011 2448 1056 2517 qni
1069 2447 1132 2501 nisit
1146 2447 1249 2500 intrante
1259 2445 1354 2501 seculo
1368 2461 1412 2499 ιιι
1423 2485 1431 2509 ,
1443 2446 1470 2500 in
1487 2462 1550 2501 ritas.
1566 2447 1727 2511 collectaneis
1738 2450 1810 2518 opud

1012 2538 1207 2595 llerrssbeninrn
1219 2548 1280 2592 toni.
1294 2553 1323 2602 u,
1345 2536 1443 2606 Aprilis
1457 2555 1517 2607 pop.
1535 2537 1585 2604 to,
1599 2555 1679 2608 opero
1699 2555 1810 2593 comme-

1012 2647 1116 2686 ntorem
1128 2631 1160 2686 S.
1182 2629 1311 2696 Zenonis,
1327 2645 1383 2700 que
1403 2630 1536 2685 sevidisse
1553 2632 1591 2685 oit
1610 2649 1620 2684 r
1645 2631 1671 2685 in
1685 2646 1738 2687 nts.
1753 2630 1811 2686 blo-

1013 2723 1125 2779 uusterii
1140 2722 1169 2779 S.
1192 2721 1312 2779 lesionis
1326 2722 1360 2778 de
1380 2722 1485 2778 lerona
1504 2742 1514 2775 s
1535 2738 1585 2778 non
1606 2741 1616 2776 r
1635 2722 1778 2780 Tractatus
1797 2742 1807 2777 r

1011 2820 1096 2873 solnm
1113 2836 1123 2871 r
1143 2818 1295 2887 octoginta,
1317 2835 1326 2870 r
1344 2818 1389 2872 sed
1404 2826 1427 2872 et
1444 2835 1454 2869 t
1470 2818 1601 2887 epistolas
1615 2836 1625 2871 r
1640 2834 1668 2872 se
1689 2818 1717 2872 in
1728 2834 1757 2874 eo
1773 2819 1810 2873 le-

1012 2913 1080 2984 pisse
1093 2913 1211 2983 offirrrrot.
1228 2911 1300 2967 lnter
1317 2912 1402 2983 opero
1414 2911 1516 2968 oeroS.
1525 2911 1636 2967 Zenonis
1646 2911 1811 2969 nnltimelina

1012 3006 1129 3074 epistolia
1140 3022 1230 3061 nornen
1242 3047 1249 3068 ,
1264 3022 1341 3075 qnam
1356 3007 1417 3060 huic
1437 3006 1559 3061 tractatui
1570 3006 1705 3062 mnnenire
1716 3016 1809 3078 potest.

1012 3098 1042 3155 Si
1057 3115 1121 3168 ergo
1144 3100 1187 3155 bie
1209 3099 1352 3156 Tractatus
1371 3101 1486 3171 epistola
1501 3101 1614 3157 dicenda
1631 3110 1689 3166 est,
1704 3101 1777 3172 quod
1795 3116 1812 3159 a

62 3233 66 3236 .
160 3191 209 3244 Sin
223 3205 283 3243 aero
295 3201 443 3261 rastroque
453 3188 667 3246 Ptrtriorehoroot
686 3207 802 3245 seniensis
817 3189 897 3244 Fides
909 3201 957 3256 ast,
973 3177 996 3242 C
1011 3191 1159 3246 verosimili
1185 3206 1237 3245 non
1254 3191 1395 3254 abhorret,
1423 3192 1484 3247 dieo
1504 3191 1573 3247 itanc
1592 3193 1734 3261 epistolam
1751 3207 1766 3247 a
1781 3190 1811 3249 S.

1013 3283 1121 3338 zenone
1134 3283 1244 3353 Origeni
1260 3281 1343 3340 luisse
1353 3284 1445 3339 tlatatu
1460 3296 1521 3354 post
1533 3300 1633 3340 anuum
1644 3284 1744 3341 tJhristi
1756 3286 1813 3341 232

1013 3375 1121 3444 quamdo
1135 3375 1251 3445 degente
1263 3374 1434 3431 Alexandria
1443 3375 1563 3446 Origene
1583 3378 1667 3433 tantis
1682 3377 1732 3433 luit
1746 3394 1813 3434 esa·

1013 3467 1113 3537 gitatus
1134 3464 1323 3522 vexationibus
1345 3477 1457 3538 propter
1482 3484 1608 3535 errores,
1631 3470 1731 3539 ouibus
1753 3470 1815 3541 ejus

1014 3556 1156 3614 scatebant
1169 3558 1287 3628 scripta,
1301 3560 1436 3629 precipue
1455 3574 1525 3631 opus
1540 3560 1606 3615 illud
1621 3562 1692 3630 uund
1706 3561 1814 3618 Periar·

1015 3647 1086 3704 chon
1111 3648 1283 3715 inscribitur,
1299 3664 1347 3705 seu
1369 3649 1403 3704 de
1428 3650 1571 3721 Principiis
1593 3670 1601 3707 :
1622 3667 1675 3722 utto
1696 3652 1722 3707 io
1744 3652 1814 3710 libro

1015 3742 1100 3797 multa
1115 3757 1129 3795 a
1144 3741 1319 3812 Philosopbis
1342 3741 1467 3799 Etbnieis
1491 3743 1642 3808 ritutnarit,
1668 3744 1815 3816 multisque

1015 3838 1131 3892 retortus
1143 3835 1283 3892 erroribus
1298 3850 1312 3890 a
1336 3835 1368 3892 S.
1386 3834 1554 3909 llieronyroo
1569 3844 1687 3894 notatur.
1707 3836 1735 3895 Si
1751 3852 1817 3895 rere

1017 3937 1078 3999 post
1087 3927 1213 4000 origenis
1226 3940 1341 3983 mortem
1352 3928 1482 3998 scriptam
1495 3929 1579 3987 luisse
1594 3930 1739 4001 epistolam
1753 3931 1816 4002 quis

1015 4021 1183 4092 opinaretur,
1198 4016 1279 4076 alicui
1293 4020 1419 4092 origenis
1431 4022 1562 4080 sectatori
1583 4023 1694 4079 missam
1711 4022 1815 4089 luisse,

1016 4113 1161 4170 dicendum
1176 4113 1238 4170 erit.
1252 4113 1375 4170 Etenim
1390 4114 1482 4170 omnia
1497 4130 1558 4185 quoe
1571 4124 1667 4171 eontra
1679 4117 1730 4172 bos
1745 4127 1817 4173 trac·

1017 4216 1089 4264 tatus
1100 4210 1222 4281 congerit
1246 4208 1276 4265 S.
1292 4209 1393 4266 Ductor
1414 4210 1440 4265 in
1466 4209 1565 4266 librum
1588 4211 1753 4268 Periarcbon
1767 4227 1817 4282 op·

1017 4304 1083 4359 time
1097 4313 1225 4373 congesta
1244 4303 1387 4370 ridentur,
1404 4303 1474 4374 qrtod
1494 4303 1546 4360 bac
1563 4304 1684 4361 secunda
1706 4306 1812 4364 rationo

1017 4397 1207 4453 contirmatur.

1054 4490 1157 4560 Nempe
1167 4497 1224 4545 toto
1240 4490 1267 4546 io
1282 4490 1379 4547 eodem
1393 4499 1527 4562 vtractatu,
1541 4506 1591 4549 seu
1606 4493 1729 4562 Epistola
1751 4492 1817 4550 nihil

976 4576 1051 4641 Dde
1072 4584 1208 4640 hereticis
1232 4585 1392 4640 nominatim
1417 4586 1548 4668 meminit·
1562 4585 1592 4642 S.
1607 4585 1701 4652 Zeira,
1728 4601 1818 4657 neque

1019 4693 1132 4751 usquam
1147 4689 1241 4734 eontra
1262 4676 1372 4734 eosdem
1396 4677 1523 4734 invehit:
1540 4693 1625 4749 quare
1638 4678 1746 4735 ridetur
1767 4693 1818 4748 po·

1020 4769 1072 4825 tius
1085 4772 1111 4825 io
1129 4785 1161 4826 eo
1175 4812 1182 4836 ,
1199 4785 1278 4839 ouem
1290 4770 1437 4843 alloquitur
1450 4769 1534 4827 lratre
1555 4769 1757 4840 reprehendere
1771 4785 1820 4825 eu·

1019 4864 1169 4920 riositatem
1189 4863 1353 4933 nimiamque
1367 4862 1545 4918 subtilitatem
1565 4861 1593 4916 in
1616 4860 1700 4918 rebus
1722 4859 1819 4928 Fidei,

1019 4956 1291 5030 philosophicamque
1306 4956 1439 5013 rationem
1450 4957 1526 5027 sequi
1542 4957 1574 5012 iis
1592 4954 1621 5011 in
1634 4955 1817 5027 explicandis.

1021 5050 1079 5106 lloc
1100 5066 1135 5105 es
1148 5049 1208 5115 bis,
1222 5066 1285 5119 uuae
1306 5049 1431 5120 superius
1453 5049 1542 5104 allata
1560 5056 1624 5104 sunt
1643 5048 1678 5103 l).
1701 5047 1820 5106 Zenonis

1021 5144 1165 5201 sententiis
1175 5143 1347 5199 manifestum
1363 5152 1422 5211 est,
1437 5151 1520 5212 atone
1532 5148 1589 5199 toto
1600 5156 1636 5198 ex
1645 5141 1728 5213 hujus
1738 5141 1822 5197 Trac-

1023 5248 1095 5295 tatns
1109 5245 1239 5294 contextu
1259 5236 1410 5293 evidentius
1432 5246 1517 5308 patet.
1540 5235 1570 5294 S.
1596 5236 1697 5294 etenim
1722 5238 1823 5293 hoctor

1023 5341 1096 5388 totus
1111 5332 1137 5387 io
1150 5346 1185 5387 eo
1198 5339 1256 5398 est,
1274 5338 1305 5386 ut
1322 5330 1449 5387 ostendat
1462 5330 1565 5406 ¹Fidem
1586 5347 1641 5388 non
1662 5330 1771 5397 addici,
1793 5339 1824 5387 ut

1021 5432 1129 5481 caetere
1139 5423 1302 5491 disciplima,
1320 5422 1435 5494 ideoque
1447 5423 1582 5480 internam
1595 5423 1662 5480 dicit
1677 5423 1754 5478 initio
1769 5423 1823 5479 illis

1021 5514 1049 5571 iu
1063 5514 1175 5571 verbis:
1191 5512 1347 5570 Christianis
1366 5513 1516 5571 Fidelitotis
1528 5514 1641 5588 lelimtos
1655 5514 1770 5569 rtmoirnn
1786 5522 1824 5568 est

1021 5606 1100 5663 Fidei
1111 5624 1185 5664 nosse
1199 5616 1330 5673 natarum,
1341 5623 1400 5681 ene
1410 5607 1486 5673 tolia,
1508 5623 1538 5662 oc
1556 5615 1629 5661 tanto
1643 5613 1696 5671 est,
1711 5615 1739 5658 rt
1761 5604 1822 5657 nni·

1022 5707 1115 5775 eripite
1126 5704 1226 5760 homini
1252 5721 1302 5759 troo
1320 5704 1352 5759 ni
1371 5704 1425 5760 ulio
1445 5701 1637 5763 commodetur,
1659 5698 1706 5753 sed
1719 5715 1752 5753 ee
1764 5698 1821 5766 eius

1023 5796 1153 5852 nottintote
1163 5806 1295 5851 sternitur.
1310 5794 1403 5865 Neque
1418 5795 1465 5854 illo
1476 5792 1559 5849 verbo
1568 5789 1697 5846 odorante
1705 5787 1822 5860 gratiam
