4142 6175
188 283 249 341 8l'l
786 283 946 344 tttsroutt
966 282 1247 344 beutttsntttuu.
1694 312 1705 325 =
1793 288 1846 345 ιιιι

191 399 253 458 resi
263 398 420 457 constitutis
432 399 532 472 aliquid
542 407 604 457 ante
617 399 773 459 donationis
789 403 834 460 rel
848 401 992 459 trarodtta-
1007 400 1036 463 tt
1081 402 1162 457 huno
1176 400 1241 468 tus,
1256 400 1388 460 stilicone
1402 402 1436 459 ad
1453 403 1527 460 diem
1537 403 1575 460 ιι
1587 403 1701 475 Augusti
1714 402 1845 459 interlec-

192 495 233 551 tis
247 494 389 550 obuenerit
405 512 411 546 :
429 494 470 547 his
493 503 582 550 taruco
605 496 740 564 exceptis,
760 495 806 567 qui
831 496 878 553 lite
896 494 994 564 pulsati
1048 504 1093 561 to,
1111 510 1189 551 novar
1205 510 1253 566 per
1266 495 1419 552 Donatistae
1433 496 1519 551 turbae
1532 496 1656 551 excitatae
1671 505 1753 565 sunt,
1768 494 1848 567 quasi

192 587 356 660 putaverint
369 587 406 641 ad
419 584 587 643 catholicam
603 589 809 658 transeundum,
830 591 892 660 quia
906 588 940 644 de
955 597 995 643 ta·
1045 603 1081 645 co
1094 601 1202 646 mortuo
1212 588 1317 660 legibus
1331 590 1411 645 soluti
1423 599 1526 657 essent,
1544 599 1571 645 ct
1585 606 1618 645 ne
1628 590 1751 646 audaciae
1768 590 1845 645 color

192 679 269 737 libus
282 678 413 735 credibile
431 689 473 736 cst
494 696 548 736 non
569 690 641 736 ntetu
657 681 777 737 coelcstis
797 680 890 752 iudicii
906 681 995 752 potins
1046 680 1166 746 deesset,
1182 681 1379 752 indulgentiam
1396 682 1430 736 ab
1442 682 1561 737 Honorio
1581 681 1679 737 iactam
1693 683 1841 738 commenti

192 788 278 846 quam
302 772 402 828 terreni
416 772 552 828 commodi
576 773 706 830 aviditate
721 774 852 829 unitatem
872 773 994 831 Catltoli·
1046 774 1190 833 suntsed
1210 783 1395 831 commentum
1416 776 1508 831 statim
1529 773 1694 846 dissiparunt
1719 776 1791 847 leges
1811 777 1846 829 ab

191 879 256 922 eam
276 875 455 935 praeoptasse.
474 864 542 921 Huic
564 866 680 936 publice
702 867 830 937 legationi
851 876 877 922 ct
899 865 996 922 litteris

191 956 306 1014 concilii
319 956 352 1011 ad
365 958 555 1027 imperatorem
570 959 684 1029 adiectae
700 969 763 1015 suot
776 961 894 1030 querelas
907 960 995 1030 priua·

193 1062 285 1109 torum
297 1053 343 1123 qui
357 1052 455 1125 injuria
468 1052 557 1109 abacti
571 1064 650 1110 erant
663 1070 679 1109 a
693 1054 852 1110 Donatistis.
934 1125 939 1135 θ

232 1146 354 1202 Edictum
368 1147 401 1201 de
415 1144 521 1202 Unitutr
535 1146 566 1201 nb
582 1146 698 1203 Honorio
714 1149 804 1203 lutum.
821 1146 913 1203 llur'toa
926 1150 996 1218 sacto

193 1238 358 1309 Carthagini.
372 1251 412 1277 -·
422 1237 471 1293 llis
484 1247 637 1293 commotus
649 1237 787 1294 Honorius
800 1238 826 1293 in
841 1238 994 1295 Donatistae

194 1347 245 1388 seu
260 1331 470 1401 llcbaptiaantes
482 1331 686 1388 severissimum
702 1331 762 1387 tulit
775 1331 895 1388 edictum
908 1331 995 1402 pridie

195 1425 258 1481 idus
275 1422 427 1488 Februarii,
445 1423 577 1480 stilicone
595 1422 617 1480 ΙΙ
631 1434 659 1479 et
675 1424 820 1480 Anthemio
832 1422 923 1492 Coss,
942 1424 995 1479 hoc

193 1525 238 1574 cst
251 1531 323 1572 antro
338 1516 401 1573 lbi.
417 1514 505 1586 liujus
516 1515 597 1572 edicti
613 1517 698 1586 partis
711 1526 773 1571 sunt
787 1517 861 1587 leges
878 1525 995 1587 quatuor

196 1608 320 1665 hacona
341 1616 369 1663 et
386 1607 481 1664 eadem
503 1607 547 1664 die
569 1607 639 1663 datre
658 1613 685 1663 in
707 1607 775 1663 Cod.
790 1607 994 1664 Theodosiano.

196 1701 302 1789 bictum
319 1690 468 1758 est'autem
488 1698 606 1757 llnitatis
623 1700 759 1768 edictum,
776 1701 839 1772 quia
860 1717 908 1767 per
926 1701 994 1757 illud

1048 869 1213 941 imperatore
1228 869 1323 925 codem
1337 884 1409 924 anuo
1420 878 1447 926 et
1461 869 1586 940 sequenti
1602 870 1628 925 in
1644 884 1691 925 cos
1710 870 1782 926 latae.
1799 870 1847 926 llis

1047 976 1143 1018 serere
1159 959 1343 1031 exsequendis
1357 975 1418 1016 cum
1432 960 1621 1016 incumberent
1633 960 1774 1030 presides,
1788 976 1847 1031 poe·

1049 1068 1111 1108 narn
1125 1051 1267 1122 sanguinis
1280 1066 1295 1105 a
1311 1050 1433 1108 laetioris
1448 1051 1630 1107 schismaticis
1643 1053 1749 1107 amoliri
1765 1067 1848 1108 cona·

1048 1152 1091 1199 tus
1104 1152 1146 1200 est
1158 1144 1333 1214 Augustinus.
1350 1144 1450 1200 Verum
1467 1153 1496 1201 ut
1508 1154 1573 1199 sunt
1585 1145 1728 1203 versatiles
1743 1146 1846 1215 princi·

1047 1251 1111 1307 pum
1133 1238 1224 1306 leges,
1241 1235 1314 1291 eirca
1328 1236 1446 1292 medium
1462 1236 1526 1295 anni
1541 1236 1595 1292 tut
1608 1237 1744 1292 Honorius
1757 1237 1847 1292 llere·

1048 1328 1110 1383 ticis
1122 1328 1282 1384 exercende
1300 1327 1505 1396 superstitionis
1518 1345 1574 1383 suaa
1593 1339 1758 1398 potestatem
1779 1344 1846 1401 ιιι·

1047 1423 1139 1477 cessit.
1165 1421 1217 1476 Sed
1240 1436 1300 1477 cant
1326 1422 1489 1488 libertatern,
1518 1421 1700 1494 flagitantibus
1738 1424 1846 1480 concilii

1046 1513 1269 1584 Carthaginiensis
1284 1515 1419 1581 Patribus,
1435 1531 1450 1571 a
1465 1515 1562 1588 quibus
1577 1518 1695 1588 quinque
1706 1519 1848 1588 episcopo-

1046 1622 1107 1662 rum
1128 1607 1224 1679 legatio
1249 1610 1283 1663 ad
1311 1609 1468 1666 comitatum
1496 1611 1577 1665 missa
1600 1621 1681 1677 erat,
1708 1615 1846 1669 reuocauit

1047 1697 1142 1754 eodem
1155 1714 1237 1765 anno,
1249 1708 1276 1755 ct
1288 1701 1488 1756 severissimam
1505 1701 1531 1756 in
1551 1716 1599 1757 eos
1622 1702 1708 1773 legem
1722 1703 1784 1760 tulit
1797 1704 1847 1759 da·

195 1782 838 1868 subpoenisssograrissimisinjunctnmerat
859 1791 1102 1851 nartrictsbtam
1136 1806 1183 1846 tut
1223 1791 1336 1848 Kalend.
1374 1793 1540 1864 Septembris
1577 1793 1657 1863 hujus
1690 1796 1754 1850 amri
1793 1794 1847 1851 ιιι)

195 1900 225 1945 ιι
253 1888 434 1944 schismaticis
461 1886 495 1941 ad
519 1885 686 1942 Catholicam
714 1887 865 1944 Ecclesiam
894 1887 993 1943 redire.

196 1980 308 2037 llissnm
322 1979 357 2035 ad
372 1979 538 2035 lladriarrnm
555 1980 607 2034 ΡΡ.
625 1979 709 2034 ltaliae
722 1990 749 2035 et
764 1980 903 2051 speciatim
918 1979 995 2037 dieb

196 2073 284 2130 llartii
300 2072 335 2128 ad
348 2075 537 2143 proconsulem
554 2071 665 2137 Africae,
681 2081 711 2127 ut
725 2072 761 2126 ibi
777 2073 996 2145 promulgaretur

196 2175 225 2223 ct
236 2167 391 2223 executioni
407 2165 590 2222 mandaretur.
603 2166 636 2221 vt
651 2166 730 2237 hujus
741 2165 823 2223 edicti
833 2168 887 2223 cito
900 2167 995 2224 Unitas

195 2261 267 2331 apud
285 2260 479 2332 Carthaginem
500 2261 580 2326 lacta,
601 2259 704 2316 tardius
723 2260 874 2317 incaeteris
895 2260 995 2317 ulrice

196 2352 344 2425 prouinciis
362 2352 387 2407 ιιι
408 2352 493 2422 potuit
511 2351 641 2408 obtineri.
665 2350 694 2407 ln
717 2352 834 2408 concilio
853 2350 994 2423 Carthagi·

197 2449 276 2504 tiensi
290 2446 382 2502 habito
394 2446 430 2502 ιι
442 2445 555 2516 Augusti
571 2444 693 2514 ejusdcm
708 2445 783 2511 anni,
800 2443 939 2500 decretum
953 2453 996 2499 ost

197 2548 228 2595 ut
242 2540 303 2611 quia
318 2537 389 2609 apud
401 2537 594 2609 Carthaginem
607 2545 711 2592 tantum
724 2537 813 2590 unitas
829 2534 900 2590 lacta
917 2545 993 2603 crat,

196 2634 328 2690 darentur
341 2633 423 2688 etiam
440 2631 540 2687 littere
554 2628 722 2703 adjudices,
740 2638 768 2684 ut
781 2638 806 2682 et
824 2628 850 2682 in
861 2627 922 2682 aliis
934 2640 995 2698 pro-

196 2723 293 2779 uinciis
304 2732 332 2777 et
342 2710 498 2779 civitatibus
508 2734 620 2792 operam
633 2718 751 2790 impendi
761 2717 877 2788 jubeant
886 2716 994 2782 unitati,

196 2826 282 2886 utque
296 2815 446 2886 gratiarum
463 2816 587 2871 actiones
601 2814 636 2871 dc
649 2812 856 2884 Carthaginensi
870 2810 993 2867 Ecclesia

196 2924 248 2981 pro
273 2908 399 2963 universa
427 2905 518 2963 hirica
545 2906 582 2962 de
604 2904 763 2963 exclusione
790 2904 994 2960 donatistarum

196 3017 259 3059 cnm
273 3002 463 3072 episcoporum
478 3000 576 3057 litteris
588 3001 621 3057 ad
636 3001 795 3057 comitatum
810 3000 993 3055 mitterentur.

197 3096 231 3153 lit
241 3112 350 3153 rursum
366 3096 443 3152 missi
455 3096 510 3152 duo
523 3096 614 3151 cleriei
628 3094 662 3151 ad
674 3094 832 3152 comitatum
846 3095 879 3150 ad
895 3092 995 3164 gratia·

1047 1882 1080 1937 ad
1097 1882 1284 1939 lleracliannm
1296 1884 1423 1942 comitem
1434 1886 1533 1942 Africae
1545 1903 1551 1940 :
1563 1903 1614 1957 qun
1627 1889 1732 1942 oraculo
1746 1889 1848 1958 pertitus

1046 1983 1143 2028 rernoto
1157 1991 1207 2040 quo
1222 1975 1257 2029 nd
1266 1977 1332 2032 ritui
1345 1994 1406 2032 suos
1420 1978 1547 2033 hereticis
1561 1979 1750 2048 supnctitionir
1764 1979 1848 2035 lierni·

1047 2082 1091 2121 aer
1105 2066 1279 2137 obrepserant,
1295 2070 1442 2140 plectendos
1462 2087 1505 2126 eos
1524 2087 1598 2139 penu
1613 2072 1811 2141 proscriptionis
1823 2084 1848 2128 et

1047 2158 1181 2231 sanguinis
1193 2162 1291 2227 statuit,
1307 2161 1329 2215 si
1343 2164 1411 2215 ultre
1424 2164 1558 2217 conuenire
1570 2178 1615 2233 per
1633 2161 1766 2235 pubiicum
1788 2180 1847 2220 eac·

1047 2250 1145 2303 maudo
1157 2251 1257 2305 sceleris
1268 2253 1307 2306 rui
1322 2254 1462 2308 temeritate
1475 2256 1638 2310 terrtnoert'nt.

1085 2341 1845 2419 Edictodcconuocatiuncepircoporumudcollationum-

1047 2432 1166 2489 Tarrdem
1192 2449 1253 2490 cum
1279 2436 1313 2492 ab
1335 2445 1447 2510 utraqnc
1463 2442 1630 2511 pat-tepetita
1644 2444 1846 2511 essetcoltatio,

1046 2544 1162 2601 eamque
1172 2531 1251 2586 enixe
1261 2530 1414 2603 llagitarcut
1425 2532 1566 2598 Catholici,
1581 2542 1663 2605 atquc
1675 2551 1706 2591 ea
1717 2536 1752 2593 dc
1765 2552 1847 2592 eausa

1047 2621 1196 2692 legatosad
1211 2624 1401 2695 imperatorem
1416 2625 1566 2682 lionoriutn
1590 2630 1737 2695 misissent,
1759 2631 1794 2686 ab
1813 2646 1847 2688 cn

1046 2715 1132 2772 edicta
1144 2725 1197 2784 est,
1214 2719 1354 2774 sanctione
1376 2719 1438 2776 data
1449 2720 1585 2777 Rauennae
1600 2723 1686 2794 pridie
1700 2724 1760 2780 idus
1772 2735 1848 2782 octo·

1047 2808 1103 2863 bris
1114 2810 1165 2864 sub
1178 2810 1321 2868 consulatu
1344 2812 1469 2881 laconis,
1493 2830 1564 2870 anno
1585 2817 1688 2873 scilicet
1709 2817 1778 2883 tte,
1793 2834 1845 2889 qua

1049 2900 1204 2957 Donatistae
1217 2904 1360 2976 episcopos
1372 2916 1399 2962 et
1415 2903 1570 2965 Catholicos
1584 2910 1610 2964 in
1624 2912 1718 2965 urbem
1732 2908 1847 2966 Cartha-

1045 2992 1185 3062 ginensem
1200 2995 1269 3050 intra
1283 3006 1399 3066 quatuor
1420 3013 1528 3055 nterrscs
1550 3001 1698 3057 conuenire
1715 3001 1803 3072 jubet,
1818 3012 1847 3058 ut

1047 3086 1185 3145 electisab
1200 3101 1313 3162 utraque
1328 3101 1404 3163 parte
1418 3095 1616 3162 sacerdotibus,
1627 3100 1848 3154 causacommit-

196 3205 258 3246 rum
279 3188 413 3245 actionem
433 3189 566 3261 agendam
582 3200 609 3244 et
625 3188 769 3259 pctcttdam
791 3187 992 3244 Donatistarum
1006 3168 1030 3232 C
1047 3190 1119 3239 tatur
1130 3183 1360 3254 disputationibus
1371 3186 1507 3257 agitanda.
1522 3188 1599 3257 Quod
1613 3188 1637 3244 si
1656 3189 1726 3245 iutra
1741 3193 1848 3259 prasti-

197 3280 299 3352 trbiquc
313 3279 341 3335 in
355 3279 446 3336 Africa
459 3280 656 3337 exclusionem.

1049 3283 1134 3330 tutum
1155 3285 1261 3344 tempus
1286 3278 1486 3334 donatistarum
1503 3281 1624 3352 episcopi
1640 3296 1692 3337 non
1713 3296 1848 3339 contenc-

233 3369 392 3426 dloar'nrinur
407 3369 544 3426 Sirritcnsir
559 3370 693 3426 Donatista
704 3370 993 3440 collationemportulut.
1048 3368 1117 3434 rint,
1132 3369 1194 3425 trini
1209 3370 1291 3427 edicti
1306 3373 1447 3429 vocatione
1468 3381 1641 3430 contumaces
1661 3374 1847 3441 declarentur,

196 3494 233 3508 ..
242 3461 322 3519 Anno
338 3463 411 3531 ton,
425 3464 470 3521 ιιι
481 3466 517 3521 su
530 3464 667 3533 ianuarii,
681 3466 840 3521 llaximinus
852 3466 997 3537 episeopus
1048 3459 1146 3530 quihus
1159 3462 1302 3518 transactis
1316 3463 1338 3517 si
1352 3465 1488 3532 prouocati
1511 3464 1607 3521 adessa
1621 3467 1846 3536 contempserint,

197 3555 345 3613 sinitensis
363 3555 463 3625 aliique
483 3558 603 3612 nortnulli
620 3558 767 3613 borratistae
787 3557 952 3613 audientiam
968 3556 996 3611 in
1047 3550 1126 3608 cedat
1143 3567 1206 3608 cum
1222 3553 1351 3610 Ecclesiis
1370 3556 1485 3626 populus
1507 3558 1552 3628 qui
1565 3558 1693 3614 doctores
1707 3573 1772 3614 suos
1785 3573 1847 3614 cunr

197 3648 308 3721 publico
329 3648 400 3721 apud
423 3649 579 3705 Rauennam
601 3664 732 3706 consessu
755 3664 846 3705 coram
868 3647 996 3720 praelecto
1047 3643 1156 3701 silentio
1170 3647 1498 3718 cognoueritsuperatos,
1514 3650 1636 3721 sciatque
1649 3648 1797 3707 Catholicae
1810 3651 1849 3707 le-

198 3744 318 3814 praetorii
335 3742 472 3813 petierunt
485 3743 530 3798 ubi
550 3758 610 3798 cunr
626 3742 775 3799 Catholicis
794 3757 903 3798 causam
917 3757 995 3799 suam
1048 3735 1090 3806 gis
1104 3736 1176 3792 ueris
1191 3738 1310 3806 imperiis
1326 3741 1509 3795 servientium.
1534 3741 1582 3796 Cui
1597 3740 1706 3812 quidem
1727 3741 1849 3813 disputa-

198 3836 376 3893 rcotilarent.
402 3836 472 3907 Quid
494 3845 626 3893 statutum
647 3835 730 3891 luerit
753 3836 905 3900 incertum,
929 3832 997 3888 nihil
1049 3828 1116 3883 tioni
1136 3829 1258 3900 principe
1283 3829 1344 3886 loco
1363 3831 1481 3901 judicem
1506 3833 1603 3890 sedere
1626 3835 1712 3890 voluit
1726 3835 1847 3891 Ftarium

198 3939 275 3985 certe
293 3937 382 3984 ιιιιι
405 3938 458 3984 ιιι.
483 3927 645 3985 natiuitatis
666 3928 752 3984 retur
774 3929 800 3982 tu
822 3926 940 3982 african
962 3924 996 3980 au
1049 3919 1236 3975 Marcellinum
1259 3929 1286 3977 et
1308 3921 1461 3990 Notarium.
1488 3925 1532 3981 cot
1558 3942 1666 3982 «imnum
1690 3928 1717 3982 io
1734 3942 1849 3998 concre-

199 4018 350 4075 Ecetectam
366 4021 531 4076 &umquam
547 4022 674 4076 arcessar,
1048 4012 1129 4082 gandi
1144 4024 1170 4067 et
1185 4014 1317 4070 evocandi
1332 4016 1484 4088 episcopos,
1499 4019 1614 4074 actionis
1633 4019 1806 4075 instituendo
1820 4029 1849 4077 et

236 4112 369 4169 statutum
387 4115 419 4169 de
438 4112 573 4183 Episeopir
592 4123 615 4167 rt
632 4093 826 4185 ιιριιιοριιιιι
847 4110 996 4167 ιιιιιιιιιι-
1050 4104 1235 4172 moderandus,
1250 4122 1282 4164 ac
1293 4108 1327 4165 de
1343 4119 1400 4166 toto
1420 4095 1529 4183 negotio
1542 4112 1677 4167 statuendi
1693 4112 1786 4168 tribuit
1800 4127 1848 4183 po·

199 4225 267 4262 rum.
280 4235 315 4246 -
326 4207 404 4261 honri
419 4206 484 4271 lbi,
505 4206 531 4259 in
549 4207 667 4261 concilio
680 4202 886 4275 Carthaginensi
903 4216 1000 4258 rnense
1049 4207 1184 4254 testatem.
1200 4199 1371 4257 Marcellinus
1384 4203 1435 4260 boc
1445 4204 1534 4259 edicto
1548 4206 1678 4270 munitus,
1692 4205 1848 4260 mandatum

199 4301 292 4364 lunio.
308 4302 438 4358 statuitur
457 4309 485 4356 ut
501 4299 594 4370 plebes
610 4315 670 4370 quae
684 4313 824 4353 corruersae
836 4305 925 4352 sunta
947 4296 999 4351 Do-
1051 4294 1189 4361 proposuit
1204 4309 1259 4365 quo
1272 4304 1383 4352 cunctos
1406 4312 1454 4368 per
1475 4298 1593 4353 atricum
1621 4307 1678 4354 tatu
1702 4298 1849 4354 Catholicae

201 4394 310 4449 natistis
323 4405 351 4449 et
364 4393 517 4448 habuerunt
528 4391 683 4460 episcopos,
699 4404 747 4444 eos
767 4388 920 4444 inconsulto
933 4401 1000 4442 cnu-
1050 4397 1132 4453 quarn
1156 4383 1314 4441 Donatianae
1334 4389 1417 4456 partis
1431 4390 1573 4460 episcopos
1588 4390 1796 4457 commonebat,
1820 4399 1849 4445 ut

200 4487 266 4544 cilio
281 4486 414 4541 retineant
432 4503 440 4541 ι
456 4493 619 4554 quaeautrm
635 4481 786 4537 habuerunt
800 4481 956 4549 episcopum
971 4488 998 4534 ct
1052 4474 1121 4530 intua
1138 4483 1243 4548 terripus
1259 4478 1316 4549 lege
1331 4482 1530 4553 irreseriptum,
1546 4483 1573 4540 id
1587 4492 1639 4549 ιιι,
1651 4485 1722 4540 intra
1732 4495 1850 4555 quatuor

201 4591 235 4634 ιι
248 4575 377 4632 destructo
393 4593 446 4631 non
466 4574 567 4630 habere
584 4575 723 4646 proprium
750 4573 928 4640 episcopum,
949 4569 998 4626 sed
1011 4553 1039 4614 D
1052 4582 1159 4624 menses
1174 4568 1219 4636 qui
1231 4568 1265 4624 ad
1280 4569 1351 4626 diem
1362 4571 1474 4628 Kalend.
1490 4573 1630 4631 Juniarum
1648 4576 1849 4634 concludeban-

202 4668 236 4724 ad
251 4669 368 4741 alicujus
390 4667 512 4738 episcopi
526 4665 666 4723 diteccsim
683 4663 819 4736 pertinere
841 4664 998 4729 voluerint,
1052 4668 1105 4725 tur,
1121 4656 1310 4732 Carthaginem
1339 4663 1447 4719 cottcilii
1469 4665 1585 4723 leniendi
1610 4669 1694 4738 gratia
1719 4670 1849 4725 converri-

204 4764 231 4820 id
253 4762 335 4819 etiam
352 4762 420 4830 ipsis
435 4777 487 4816 nnn
501 4759 661 4830 denegetur.
681 4758 719 4814 lle
731 4756 867 4828 episcopis
880 4768 945 4809 rere
957 4755 999 4826 ip·
1052 4754 1312 4825 centuriouibusque
1325 4758 1524 4825 magistratibus
1536 4774 1584 4830 per
1596 4760 1714 4816 hiricam
1728 4762 1850 4833 injunge·

202 4856 241 4911 sis
256 4855 308 4911 boc
321 4854 479 4918 decretum,
497 4860 526 4908 ut
540 4853 585 4922 qui
606 4860 668 4907 ante
682 4850 769 4922 legem
783 4848 817 4905 dc
833 4847 940 4907 Unitate
960 4848 1000 4903 ιι·
1052 4844 1108 4911 ιιι,
1125 4854 1154 4899 ιι
1175 4850 1318 4917 episcopos
1341 4853 1527 4916 conuenirent,
1551 4854 1645 4924 cisque
1667 4854 1850 4924 significarent

205 4958 259 5005 tarn
271 4950 305 5005 ab
318 4948 483 5019 imperatore
493 4946 528 5002 ad
538 4946 704 5003 Catltolicam
716 4944 892 5011 accesserint,
907 4943 1001 5014 plebes
1054 4948 1081 4994 ut
1098 4940 1167 4997 intra
1178 4951 1295 5014 quatuor
1310 4945 1614 5017 mensesCartliagitrem
1627 4949 1762 5004 venirent.
1778 4949 1852 5004 Prae·

204 5054 310 5100 suaset
333 5042 466 5101 ecclesias
484 5043 643 5099 retinerent.
659 5040 695 5097 ttt
708 5041 754 5111 qui
770 5039 875 5096 nonnisi
892 5049 953 5111 post
968 5038 1002 5094 il·
1055 5042 1128 5086 terea
1144 5042 1173 5087 ιιι
1190 5034 1342 5091 Donatistae
1357 5036 1390 5091 ad
1406 5037 1579 5093 collationem
1594 5044 1776 5112 promptiores
1790 5042 1853 5098 red-

206 5134 252 5191 lud
269 5135 389 5192 edietum
407 5135 603 5205 promulgatum
624 5133 657 5188 ad
683 5132 835 5189 Ecclesiam
852 5140 1002 5199 uenerant,
1054 5125 1142 5194 deret,
1153 5127 1234 5197 iussit
1248 5139 1278 5184 ut
1294 5129 1326 5185 iis
1338 5131 1384 5200 qui
1399 5146 1428 5185 se
1442 5132 1466 5186 ei
1481 5132 1615 5188 allaturos
1632 5149 1694 5190 esse
1704 5138 1855 5206 responde·

207 5228 336 5286 Eccleuiis
356 5227 413 5283 suis
428 5225 540 5282 orunine
554 5225 724 5296 spoliantur,
746 5240 840 5296 cacque
859 5238 891 5278 ac
905 5232 1003 5282 cuncta
1055 5228 1126 5285 rent,
1143 5218 1283 5285 Ecclesia,
1300 5237 1386 5292 eaqrte
1399 5222 1458 5278 loca
1476 5240 1537 5294 ane
1557 5227 1675 5282 tenuisse
1695 5227 1755 5283 illos
1774 5237 1855 5284 antea

205 5317 239 5376 ad
254 5334 301 5375 eas
323 5318 484 5389 pertimntta
507 5316 657 5373 Catltolicis
682 5317 777 5372 tiorum
803 5316 923 5371 tucinam
944 5299 1003 5386 eps.
1055 5300 1223 5368 constitisset
1238 5313 1457 5370 restituerentur.
1470 5316 1692 5388 adjecitqundsi
1709 5318 1857 5373 Donatistis

177 5449 181 5456 ·
205 5411 297 5481 scopis
313 5410 509 5480 adjudicantur.
1056 5420 1129 5464 esset
1140 5418 1293 5479 suspectus,
1306 5425 1338 5466 sc
1352 5426 1405 5465 non
1421 5423 1608 5469 recusaturum
1631 5423 1661 5469 ut
1682 5414 1751 5468 alius
1771 5413 1856 5483 judex

244 5501 358 5558 urnam
377 5503 444 5573 leges
458 5502 485 5556 in
503 5500 664 5556 Dnnutirtns.
687 5532 721 5543 -
736 5501 839 5559 Eodem
861 5517 932 5556 anno
946 5501 1002 5557 llo·
1056 5515 1136 5572 quem
1149 5500 1199 5571 ipsi
1215 5502 1511 5573 elegerintlionatiaoae
1523 5506 1607 5575 partis
1620 5517 1647 5561 et
1664 5506 1724 5561 lrdci
1748 5507 1787 5559 rel
1810 5519 1857 5557 su-

207 5593 303 5650 uorius
319 5592 404 5664 legem
425 5592 549 5663 tulitque
571 5592 707 5647 haereticis
726 5602 754 5648 et
767 5595 946 5649 schismaticis
968 5593 1002 5648 ad
1055 5596 1223 5664 periurisucl
1237 5597 1334 5652 similis
1346 5596 1485 5669 dignitatis
1500 5614 1591 5654 seeum
1615 5599 1746 5654 resideat.
1774 5598 1855 5651 Derri-

208 5686 360 5745 Ecclesiam
382 5684 558 5741 redeuntibus
577 5684 612 5739 ab
631 5687 757 5742 onrrribus
782 5690 870 5758 poenis
888 5703 956 5758 quas
970 5703 1003 5746 ex
1059 5705 1111 5759 que
1124 5688 1272 5745 declararit
1286 5691 1357 5761 quod
1372 5693 1428 5746 siae
1442 5709 1490 5763 pro
1504 5691 1651 5746 birnatistts
1668 5691 1725 5744 sire
1741 5705 1788 5759 pro
1805 5685 1858 5741 Ca-

209 5783 315 5852 legibus
330 5783 511 5844 incurrerant,
529 5776 725 5835 immunitatem
741 5781 885 5838 concessit.
1060 5779 1168 5834 tholicis
1183 5783 1234 5835 lata
1249 5778 1316 5837 ιἰιιι
1329 5785 1482 5846 scotrrttiu,
1506 5786 1532 5837 in
1561 5781 1635 5835 uultu
1656 5779 1855 5837 borratirtarun
