4142 6175
248 246 302 304 523

926 227 1050 301 sanun
1064 238 1207 298 zemate

1844 246 1897 302 sit

250 362 372 430 Deultpm
390 357 448 417 rein
465 365 635 416 incitamento
655 368 759 430 gestant
775 373 836 416 esse
858 347 1002 431 cognosce.
1019 357 1048 415 ln
1062 361 1089 422 Α
1101 357 1239 425 tortiores,
1254 371 1303 427 por
1313 357 1457 414 Dominum
1468 357 1571 427 lesuin,
1584 358 1629 429 qui
1643 367 1686 415 est
1699 358 1858 418 benedictus
1869 362 1896 418 in

151 477 157 488 ·
250 453 386 509 caminum
400 451 441 525 (5)
458 452 534 508 missi
546 451 557 522 (
569 452 638 506 Dua.
655 467 679 505 e.
695 467 724 506 ιιι
742 452 763 523 ),
777 459 810 530 pt
829 450 964 506 submersi
983 460 1046 505 suut

252 544 335 617 Μ
355 543 486 609 dammis,
511 541 602 597 statim
625 542 667 614 (4)
688 542 815 598 invisibili
839 556 903 599 rore
924 542 1047 598 incendia
1119 554 1126 564 ’

253 646 452 708 temperantur:
463 650 536 691 mors
549 635 686 705 rebmiens
700 643 786 689 mutat
801 633 921 691 olllcium
936 653 942 689 :
957 635 1049 690 ineen-

252 742 330 786 sores
366 736 523 783 cremantur
545 724 691 781 :incensis
725 725 854 798 byuaanin
889 725 1050 782 canentibus

252 821 360 876 bamma
376 819 516 878 blanditur
531 837 538 874 ε
553 819 652 874 Densa
667 826 789 874 ereatura
806 816 974 874 benedicitur
986 817 1048 873 uni·

252 931 341 973 uersu.
357 914 386 970 ln
401 917 487 972 tribus
501 929 553 970 uua
575 928 662 977 meus,
681 928 734 968 una
753 911 849 976 uirtus,
863 926 933 967 uuus
953 913 1050 967 trimu-

255 1010 324 1083 pbus
338 1010 469 1066 exsultat.
484 1007 524 1078 (5)
532 1006 687 1062 llelioratur
697 1006 751 1060 rita
765 1005 909 1076 supplicio.
920 1002 980 1059 lica
994 1018 1048 1059 uon

255 1101 387 1159 inviderat
399 1100 500 1174 pueris,
517 1100 540 1155 si
556 1114 611 1155 aton
625 1114 673 1154 eos
690 1100 866 1171 precepisset
877 1099 985 1156 ardere.

495 1238 705 1297 cunctantis
724 1238 806 1295 Lxx.

523 1333 563 1390 De
577 1330 734 1410 (llDoniele
755 1331 787 1388 lt.

289 1448 408 1521 llartyrii
417 1447 533 1520 quatiam
542 1446 624 1502 modo
632 1456 755 1517 pareest,
763 1445 1049 1513 tratresdilectissimi,

252 1549 388 1612 martyres
399 1556 451 1608 uoti
466 1539 607 1595 borrnisse
618 1539 781 1608 supplicium
794 1556 801 1593 ι
812 1547 941 1610 quiritum
950 1540 1051 1594 etenira

254 1632 430 1698 multiiorruia
450 1631 488 1704 (d)
512 1630 683 1688 crudelitatis
710 1631 833 1703 lugubris
860 1630 1052 1700 contemplatio

253 1727 368 1796 iurabit
377 1742 393 1782 a
403 1741 523 1792 corona;
536 1733 640 1780 tantum
651 1739 782 1796 getieroso
798 1739 830 1782 ae
841 1725 959 1794 perlaeta
970 1725 1053 1797 m

253 1819 332 1886 lltles,
346 1819 447 1894 quique
463 1818 502 1873 illi
515 1817 556 1889 (3)
574 1815 657 1876 luerit
670 1818 818 1883 cruciatus,
835 1832 883 1873 sua
906 1794 1090 1887 complicatB

252 1925 326 1969 nota.
343 1913 464 1983 Denique
480 1919 535 1967 tres
546 1913 621 1981 pueri
637 1913 664 1965 ia
679 1910 726 1966 illo
738 1925 819 1966 sacro
829 1912 977 1970 scientae
998 1927 1054 1981 proe

253 2004 340 2061 oculis
353 2004 438 2059 Deum
460 2004 511 2058 sibi
536 2017 719 2072 proposuere,
737 2017 791 2058 non
818 2001 941 2057 banimas
961 2002 1051 2072 (Dan.

253 2114 278 2151 c.
294 2112 321 2151 ιιι
332 2094 363 2167 );
379 2097 521 2166 praemium
535 2094 574 2166 (4)
592 2094 723 2159 laturum,
749 2109 801 2149 nou
819 2108 936 2166 penam.
953 2094 1053 2165 Sieane

254 2191 326 2245 iuter
344 2198 430 2246 tetros
452 2187 578 2244 undantis
602 2186 718 2243 incendii
738 2186 836 2259 globos
855 2187 1053 2259 triurnphantes

255 2283 399 2340 barbarum
413 2295 517 2353 regem,
534 2279 621 2335 ruinas
633 2294 741 2347 omnes,
763 2280 849 2352 ipsum
868 2295 976 2351 ottoque
989 2296 1052 2352 sup

219 2411 221 2414 -
256 2378 377 2454 plicium,
392 2375 544 2432 docuerunt
557 2372 632 2444 ignes
645 2372 747 2428 sanctis
763 2372 918 2430 bominibus
929 2389 981 2432 non
991 2388 1054 2444 esse

255 2547 320 2600 mat.
339 2533 539 2606 uniusquidem
559 2531 723 2588 sacramenti
748 2532 888 2588 Tritiitatis
908 2535 944 2588 ob
970 2537 1051 2594 trium

256 2623 401 2683 piterornm
417 2619 560 2661 numerum
576 2604 698 2659 riteatinit
712 2611 791 2661 tract.
806 2604 851 2671 lt,
871 2606 915 2673 tc,
932 2606 976 2673 74,
991 2609 1053 2667 uide

257 2682 350 2746 adram.
366 2682 384 2732 {i
398 2679 424 2733 itt
439 2685 516 2734 tract.
532 2673 575 2734 ll
777 2713 785 2724 -

304 2750 333 2821 5)
349 2749 412 2804 llss.
428 2747 490 2802 lat.
505 2756 531 2801 et
544 2745 653 2815 Pomp,
665 2745 736 2817 juaai
747 2758 795 2813 pro
806 2746 888 2800 mirsi.

304 2821 321 2876 4
347 2821 411 2878 ltss.
428 2817 503 2883 tat,
518 2817 592 2878 sibilo
607 2818 672 2870 roria
687 2831 735 2885 pro
750 2816 951 2873 invisibilitate.

306 2824 335 2962 ὅ(
349 2889 488 2943 Meliornre
505 2888 685 2959 proprietatem
699 2885 730 2941 L.
746 2902 805 2954 tut,
820 2885 834 2959 ᾖ
847 2889 873 2955 5,
889 2889 917 2943 D.
936 2887 968 2943 de
980 2894 1049 2963 mnf.

262 2974 286 3019 et
299 2961 479 3033 quemoaaioat.

293 3034 394 3093 Tutus.
409 3028 528 3086 titx.—
543 3027 585 3103 (Ι)
595 3027 659 3084 tiss.
673 3026 750 3096 cot,
768 3028 840 3095 Vae,
854 3028 934 3095 Urbi,
948 3030 1057 3087 Tracte-

261 3117 302 3162 tus
330 3102 457 3157 Danielis.
482 3102 574 3169 camp.
596 3110 623 3155 et
637 3099 681 3154 ed.
706 3099 791 3165 ileu„
806 3101 838 3155 de
852 3100 970 3158 Daniele.
988 3103 1055 3160 Dea.

259 3178 298 3234 De
314 3176 394 3230 trtius
427 3174 502 3227 uetia-
519 3170 637 3242 Utraque
652 3182 742 3225 antem
759 3172 899 3238 inscriptio
913 3178 1056 3245 preposita

260 3251 287 3304 iu
307 3246 370 3305 edit
399 3193 462 3303 lyei.
486 3244 561 3299 Licet
571 3244 598 3297 in
613 3243 704 3297 tabula
717 3242 776 3297 libri
794 3242 872 3310 primi
896 3259 947 3299 tras.
976 3247 1053 3302 llem.

261 3335 334 3376 nutu.
349 3333 377 3377 tu
397 3315 569 3378 inscribatur,
589 3313 728 3368 Trortotua
743 3312 872 3380 Danielis,
891 3314 919 3369 iu
939 3330 1055 3387 corpore

261 3402 350 3447 nmen
365 3388 441 3443 titulo
453 3395 536 3440 caret.
551 3384 579 3439 ln
592 3399 712 3449 niargrne
726 3400 808 3452 atera-o
820 3388 877 3441 bne
892 3389 996 3442 rittiriea
1014 3391 1054 3444 le·

260 3462 332 3535 gitur
348 3476 354 3510 τ
371 3456 519 3511 Fertiuitute
532 3453 586 3510 SS.
604 3453 685 3513 Fiunt
704 3466 726 3507 et
743 3455 843 3510 liuttici
856 3457 977 3525 tratribus
991 3460 1057 3513 reci·

262 3530 351 3587 tonde.
375 3528 407 3582 ili
421 3535 563 3615 martyres,
586 3524 634 3593 tyni
657 3526 824 3581 Diocletiano
843 3535 871 3581 ct
892 3527 1057 3583 iiaaitniano

262 3593 457 3670 imperantibus
481 3596 613 3651 leroitaut
632 3610 683 3651 suti
704 3597 834 3665 saitgirine
848 3610 1054 3666 corisecrarunt,

263 3683 432 3741 utrorumque
447 3681 559 3734 corpttra
581 3665 636 3719 alin
652 3666 717 3721 olitu
734 3667 868 3730 traducta.
889 3668 1057 3736 Luitprautlo

263 3750 403 3814 regnante,
426 3736 455 3794 S.
469 3738 592 3795 brittonis
606 3736 724 3805 episcopi
741 3737 878 3806 diligentia
894 3754 956 3793 eum
971 3744 1056 3799 sacris

267 3814 381 3870 oliorum
395 3820 512 3880 qttatiror
525 3818 674 3877 martyrum
690 3809 809 3865 exsuviis
824 3808 911 3863 cidem
927 3812 986 3866 urbi
1011 3829 1058 3867 re·

264 3885 357 3938 stitttta
382 3881 507 3945 inierunt,
530 3888 603 3932 latito
629 3880 774 3948 sentpcciti
803 3879 906 3935 horrore
918 3882 988 3950 apud
1006 3882 1058 3938 Ve-

265 3968 396 4011 netae-uses
409 3951 490 4007 babiti
504 3958 578 4016 aunt,
594 3958 623 4007 ut
637 3964 690 4005 uon
705 3951 792 4004 solnm
808 3949 836 4003 in
846 3966 940 4006 etrrtnu
955 3968 1058 4009 irremo-

266 4026 332 4080 riam
348 4021 451 4086 multae,
465 4030 518 4077 tuin
535 4023 561 4073 iu
581 4021 659 4084 turbe,
681 4030 736 4074 tum
751 4019 777 4074 iu
807 4021 919 4077 diecesi
934 4024 1058 4081 caeleste

267 4096 323 4149 Deo
337 4094 432 4151 dicate
449 4093 629 4155 tarcirtaatar,
644 4092 807 4159 uttmiuaune
828 4092 946 4161 ipsorum
961 4095 989 4150 in
1007 4111 1057 4165 pu·

268 4166 344 4220 blicis
359 4163 459 4218 litaniis
479 4164 578 4216 luerint
592 4162 704 4227 ittserta,
717 4177 768 4218 nec
792 4180 847 4218 non
865 4163 892 4218 in
914 4165 1056 4233 precibus,

267 4252 328 4307 pirae
339 4236 464 4304 leguntur
485 4232 517 4287 ad
533 4231 634 4289 calcem
654 4233 764 4291 Ordinis
777 4233 892 4291 Rotnani
904 4252 935 4290 ctt
949 4236 1058 4307 Capitu-

268 4307 316 4363 lari
331 4308 424 4365 codiee
436 4303 502 4359 editi
517 4320 531 4359 a
546 4302 691 4359 Fraaieisco
706 4302 883 4369 Btaaotiiatoa
898 4306 944 4361 scal
961 4309 1057 4374 praeci·
1110 4311 1127 4366 b

268 4394 319 4450 pua
332 4378 413 4433 etiarn
427 4378 544 4444 ipsorttiti
561 4374 638 4430 liet-et
660 4377 760 4429 tnrtttio
775 4372 801 4428 iu
815 4376 926 4436 Caedite
950 4378 1056 4444 bissae,

270 4449 457 4518 praecipuoque
467 4446 620 4501 colerentur
640 4445 740 4511 albicio,
763 4461 825 4501 euru
849 4448 1006 4514 antiphonis
1027 4466 1060 4507 ue

185 4538 188 4545 ¹
269 4518 448 4587 responsor-iis
464 4515 588 4586 propriis.
602 4526 630 4569 ut
650 4516 733 4583 littuet
747 4532 781 4571 ex
800 4532 864 4572 msa.
880 4519 1009 4589 liturgicis
1024 4521 1057 4574 li-

268 4589 324 4644 bris
337 4588 461 4643 licclesiae
470 4586 642 4651 Veronensis,
654 4602 686 4641 ae
697 4590 722 4641 iu
733 4589 889 4645 eairmitdem
901 4592 1058 4646 mennonium

270 4672 325 4715 tres
338 4659 424 4713 liissae
446 4657 660 4724 celebrarentur,
678 4656 705 4712 itt
725 4657 824 4712 iliasab
841 4674 891 4713 ius.
915 4662 1006 4716 sacculi
1021 4678 1057 4717 an

270 4731 422 4798 descriptae,
438 4744 549 4798 quartana
566 4730 649 4796 priitta
664 4743 698 4781 ιι.
712 4728 905 4800 ital.y'nnii‚peg
934 4730 995 4795 ltl,
1009 4735 1058 4788 liae

270 4802 445 4870 inscriptione
468 4796 813 4865 practuratur:Tturtalutio
839 4798 891 4853 SS.
924 4799 1008 4855 Firttti
1034 4813 1059 4858 et
1109 4819 1220 4864 neutuna
1239 4818 1554 4885 urrmmiappellavittria
1571 4825 1614 4879 illa

269 4870 382 4933 Rustici,
400 4868 484 4922 Prinri
500 4876 524 4921 ct
546 4867 638 4931 liutei,
664 4869 821 4932 Attollt'nuris
843 4879 866 4922 et
888 4868 1001 4935 Lusor&
1016 4874 1058 4930 al·
1109 4878 1254 4943 ltilit,ntuni

270 4950 328 4994 tero
344 4955 368 4994 ιι
382 4940 441 4992 idus
451 4939 564 5006 attigusti,
582 4955 631 5009 pag
647 4938 718 4993 titt:
739 4938 834 5008 Vigilio
850 4937 970 4996 Firmior
990 4941 1060 5000 litta-
1108 4950 1234 5016 spiritulia
1246 4972 1346 5026 quoque
1365 4977 1506 5019 itunaerus:
1521 4966 1568 5021 ils.

270 5011 328 5076 tici;
354 5011 431 5067 tertia
452 5009 510 5079 ipso
532 5010 652 5080 rirtriuyrii
674 5008 728 5072 ilie,
750 5013 875 5065 niatairttm
896 5029 911 5067 ιι
932 5014 991 5071 idus
1010 5032 1059 5071 atta·
1109 5036 1231 5077 taunierau
1246 5040 1257 5080 .·
1273 5026 1330 5081 lai.
1347 5047 1411 5086 ivea-0
1427 5032 1559 5091 crimme,

269 5081 339 5149 gusti
365 5080 459 5137 eatlcut
485 5083 577 5151 pagina
595 5097 601 5132 :
616 5080 769 5136 Suttotortttu
787 5079 870 5137 Fitntt'
895 5092 919 5138 et
943 5083 1057 5142 Rustici.

269 5153 335 5207 Curti
349 5152 437 5219 ilatytic
452 5161 516 5213 astus
530 5161 662 5223 ttiutlyrcs
673 5161 744 5205 lautu
758 5152 913 5210 celebritate
927 5155 1063 5215 Veronen-

270 5223 308 5277 sis
324 5221 441 5277 Ecclesia
458 5223 575 5289 caleret,
598 5222 666 5279 nibil
686 5226 796 5289 mirum,
811 5225 834 5277 si
857 5225 926 5280 iusto
943 5229 1061 5297 ipsarum

271 5294 315 5348 die
328 5290 403 5347 arcs
428 5290 543 5347 anaonis
556 5309 644 5348 aetrno
660 5295 729 5349 inter
744 5310 821 5351 sacra
835 5297 956 5351 solennia
972 5297 1063 5355 iratri-

272 5362 324 5423 bus
336 5363 504 5421 recitaretur.
523 5365 589 5417 llinc
601 5362 863 5425 antetulictnenscm
883 5369 1004 5427 calilicem
1027 5372 1061 5433 od

271 5434 393 5488 catudcm
410 5432 555 5488 Ecclesiam
568 5434 728 5502 pertinuisse
743 5435 858 5491 uterinae
873 5438 1059 5497 coinfirmatur.

308 5503 347 5578 (Ξ)
362 5503 500 5561 Editiones
522 5501 624 5561 irinati
648 5516 675 5560 et
696 5504 860 5561 Veronensis
883 5522 947 5566 tutu
961 5512 1061 5580 :aliquot

274 5592 339 5631 nass.
354 5574 502 5629 crudeliter.
523 5573 697 5630 Correxitnus
720 5591 753 5630 ett
777 5576 842 5631 edii.
868 5578 972 5637 Pauci
994 5598 1060 5639 mss.

271 5647 343 5707 'l‘oi..
357 5647 465 5714 Puram,
481 5646 544 5703 zen.
568 5649 625 5705 lion
651 5655 719 5701 recto
742 5661 790 5717 pro
811 5652 922 5720 perfecto
944 5653 970 5707 iu
995 5670 1059 5709 tnss.

268 5716 365 5775 Toleut
379 5730 405 5775 et
417 5716 555 5777 Vaticano.

1100 452 1199 507 secula
1215 452 1387 507 seculorum.

1332 542 1541 601 cunctantis
1561 542 1657 600 uitii.

1355 636 1394 690 De
1407 632 1449 706 (l)
1465 634 1574 691 Daniele
1585 634 1630 691 tlt.

1135 731 1229 788 Trium
1238 746 1384 803 puerorum
1399 730 1441 805 (i)
1457 734 1616 805 martyrium
1637 733 1683 803 qni
1703 734 1790 791 eredit
1811 734 1895 792 inter·

1100 825 1178 890 ritus,
1192 832 1284 896 potest
1302 827 1382 881 etiam
1405 827 1465 897 ipse
1485 827 1597 896 adipisci
1624 829 1791 900 martyrium.
1814 829 1898 885 Tanta

1101 920 1173 975 enim
1185 921 1226 976 ris
1246 921 1403 978 certaminis
1423 921 1490 988 luit,
1507 933 1536 979 ut
1558 938 1619 979 eam
1635 924 1693 993 lpse
1708 939 1815 997 quoque
1830 927 1900 999 ignis

1101 1010 1239 1069 horruerit
1260 1032 1267 1067 ε
1287 1029 1348 1069 nutu
1371 1029 1386 1070 a
1408 1014 1523 1070 mabam
1546 1017 1714 1087 tegeticula
1739 1019 1903 1077 crudelitate

1103 1107 1189 1164 tribus
1204 1109 1297 1179 pueris
1311 1107 1483 1174 consulente,
1494 1107 1614 1166 loruaois
1630 1111 1795 1182 ultraquam
1821 1113 1900 1180 solet,

1101 1200 1259 1270 septenario
1273 1199 1372 1270 pabulo
1390 1200 1461 1272 ignis
1474 1210 1595 1257 armatus
1620 1210 1663 1257 est
1692 1201 1784 1271 (Dan.
1800 1219 1823 1258 e.
1840 1219 1869 1259 ut
1881 1205 1901 1273 ).

1102 1289 1190 1344 (laedo
1204 1289 1295 1346 divina
1324 1291 1495 1361 providentia
1511 1291 1553 1365 (5)
1567 1303 1740 1350 sacrameto
1762 1294 1904 1353 Trinitatis

1102 1381 1184 1456 300
1198 1381 1350 1452 spiritalem
1364 1398 1475 1455 garoque
1490 1399 1629 1440 numerum
1645 1388 1804 1448 eonvenite.
1824 1388 1905 1444 Deui-

1095 1489 1156 1546 vque
1176 1490 1226 1530 nce
1250 1473 1292 1546 (4)
1317 1476 1427 1534 bracati
1450 1478 1553 1533 camini
1565 1476 1606 1534 eis
1626 1477 1797 1548 baptismatis
1819 1480 1905 1538 deluit

1103 1568 1200 1639 gratia.
1212 1568 1234 1624 0
1245 1567 1405 1626 admirabile
1420 1569 1574 1626 incendium
1587 1573 1595 1626 l
1608 1571 1629 1626 0
1641 1587 1706 1628 reru
1718 1578 1905 1644 spectaculum

1105 1661 1162 1720 Deo
1172 1661 1283 1734 dignum
1295 1664 1302 1717 l
1318 1664 1368 1730 Qui
1382 1664 1506 1730 audiunt,
1524 1664 1621 1721 timent
1634 1683 1640 1720 :
1652 1666 1698 1738 uui
1716 1667 1903 1738 incenderant,

1104 1756 1203 1818 ardent
1216 1775 1223 1811 :
1238 1757 1283 1827 qui
1305 1757 1408 1814 incensi
1429 1769 1509 1825 suut,
1529 1759 1691 1816 sanctificati
1705 1768 1733 1817 et
1755 1763 1906 1820 incolumes

1104 1850 1138 1906 de
1150 1851 1260 1908 camino
1273 1850 1436 1922 procedunt,
1450 1865 1499 1923 per
1511 1852 1655 1910 Dominum
1675 1862 1799 1914 nostruin
1811 1854 1905 1916 baon

1106 1940 1255 1998 Christum.

1342 2012 1549 2073 Tllel'bTUS
1568 2012 1674 2072 uxxtl.

1373 2104 1413 2161 De
1426 2107 1465 2180 (4)
1479 2106 1586 2165 Daniele
1598 2108 1643 2165 ll.

1142 2198 1240 2269 lugeas
1255 2200 1417 2271 stupplicium
1434 2202 1597 2273 aliquotiens
1613 2204 1748 2277 ingentior
1763 2209 1905 2281 prosequi-

1107 2298 1150 2345 tur
1164 2290 1260 2363 gloria.
1277 2293 1394 2348 maxime
1407 2292 1508 2349 diuinis
1523 2295 1550 2351 iu
1565 2296 1646 2353 rebus
1662 2317 1668 2353 :
1686 2300 1712 2354 iu
1732 2300 1828 2371 quibus
1842 2300 1904 2357 icli-

1106 2396 1151 2439 ces
1171 2384 1269 2439 obnixa
1292 2383 1437 2442 devotione
1463 2401 1540 2443 suam
1560 2388 1721 2460 religionem
1746 2392 1904 2451 custodiunt

1143 2540 1182 2615 (5)
1195 2542 1373 2614 sparavertas
1386 2545 1438 2617 legi
1453 2549 1555 2604 mavult
1578 2551 1683 2620 tuerint.
1708 2553 1772 2611 Dein
1789 2559 1833 2632 pio
1852 2574 1902 2629 pro

1107 2628 1155 2667 aua
1168 2614 1193 2667 iu
1209 2630 1258 2669 tus.
1277 2615 1343 2671 Urlt.
1356 2628 1382 2672 et
1397 2634 1445 2686 pro
1458 2620 1595 2689 complicat
1610 2638 1659 2678 ms.
1676 2621 1771 2696 Pomp.
1785 2633 1812 2684 iu
1827 2647 1901 2686 ritar-

1106 2684 1169 2753 gitte
1183 2688 1279 2741 scribit
1292 2699 1420 2760 onipetut.

1139 2752 1180 2826 (4)
1196 2756 1258 2810 liss.
1274 2756 1347 2824 tat..
1370 2759 1442 2823 Vnt..
1467 2760 1559 2830 Rem„
1578 2766 1682 2828 iuturi:
1705 2780 1798 2838 panea
1821 2771 1904 2829 iidem

1105 2839 1171 2879 mss.
1183 2827 1262 2882 codd.
1275 2840 1303 2883 et
1314 2829 1379 2884 Zeu.
1392 2842 1497 2887 cereos
1509 2850 1557 2904 pra
1567 2846 1655 2891 tetioa.
1671 2838 1735 2894 Dein
1748 2855 1812 2896 nisa.
1823 2842 1901 2899 ilem.

1105 2902 1136 2950 et
1145 2895 1240 2965 Pomp.
1261 2900 1428 2956 intimarum
1450 2918 1500 2974 pro
1528 2906 1684 2975 tomam·
1706 2918 1734 2965 at
1755 2913 1783 2968 iu
1807 2914 1902 2988 Pomp.

1108 2979 1259 3024 correctum
1273 2969 1419 3027 barborum.

1144 3036 1245 3095 Tnacr.
1261 3038 1395 3098 Luxu·
1409 3045 1449 3118 (4)
1465 3045 1527 3103 lisa.
1542 3048 1637 3122 incipit
1651 3061 1776 3113 tractatui
1789 3054 1903 3121 Danielis

1108 3120 1222 3180 excepto
1242 3111 1315 3167 Zttaro
1328 3116 1419 3180 aiano,
1442 3120 1467 3172 lu
1491 3136 1545 3189 qao
1561 3122 1599 3176 De
1619 3123 1815 3195 trituraturis,
1831 3132 1902 3185 sicut

1108 3189 1136 3236 et
1157 3182 1183 3234 in
1206 3182 1308 3239 vaureta
1325 3186 1453 3244 editione.

1146 3251 1186 3323 (i)
1202 3252 1333 3327 Martyres
1352 3259 1433 3313 etiam
1448 3260 1524 3323 dieti.
1546 3264 1590 3333 qui
1613 3266 1754 3321 tonueutis
1779 3269 1898 3339 objecti,

1108 3336 1221 3377 mortem
1232 3339 1284 3379 nou
1293 3328 1904 3409 anicianutltaccontricatiaansinstruct,⁴8.

1108 3390 1194 3448 Hatita
1208 3407 1268 3450 aurit
1278 3402 1413 3470 martyrio,
1425 3419 1483 3471 tyute
1492 3415 1552 3457 aunt
1566 3408 1621 3460 aitte
1630 3411 1754 3479 sanguine
1771 3411 1838 3479 suro.
1854 3412 1906 3469 Ce-

1107 3462 1196 3517 lebres
1214 3480 1278 3548 snm
1295 3471 1485 3540 inscriptiones
1499 3476 1580 3545 epist.
1596 3493 1642 3533 ιιιι
1655 3489 1710 3535 ets
1726 3478 1754 3536 S.
1777 3483 1904 3554 Cypriani

1109 3532 1269 3615 Dortprrbtti
1279 3551 1302 3593 et
1311 3545 1513 3611 consessoribus,
1529 3548 1555 3600 iu
1564 3551 1802 3623 qtribnsntartyres
1813 3557 1905 3625 ntique

1107 3603 1244 3687 dictantur.
1260 3610 1308 3678 oui
1323 3613 1349 3666 in
1373 3619 1515 3671 tartttontis
1539 3636 1592 3674 uon
1616 3621 1699 3675 occisi
1724 3634 1808 3690 stutt,·
1824 3642 1905 3697 neque

1107 3691 1176 3729 eratin
1191 3676 1341 3749 (rationein
1357 3683 1433 3739 addit
1445 3687 1519 3742 idem
1534 3688 1685 3761 Cyprianus
1695 3707 1739 3761 ep.
1755 3695 1787 3749 si
1802 3704 1809 3762 )
1825 3698 1906 3751 virtue

1108 3760 1206 3813 eoruia,
1223 3761 1268 3805 out
1282 3752 1365 3806 bonor
1378 3758 1461 3810 aanor
1477 3768 1524 3820 eet,
1540 3762 1675 3828 queruntur
1688 3766 1739 3831 ipsi
1752 3782 1852 3835 peopue
1865 3769 1906 3822 iit-

1109 3825 1147 3870 ter
1161 3819 1247 3875 beatae
1268 3834 1393 3894 proripiet
1412 3842 1601 3900 apyregentem
1618 3844 1642 3886 et
1655 3849 1709 3888 non
1730 3837 1809 3891 aliter
1832 3838 1906 3895 Zeno

1109 3897 1462 3965 uatstertractatusnperiori
1476 3918 1481 3953 :
1500 3899 1622 3973 iiartgrii
1631 3906 1742 3973 modam
1756 3908 1833 3962 modo
1844 3926 1907 3980 pure

1108 3968 1155 4023 eat,
1170 3972 1297 4041 tuertgres
1309 3982 1360 4020 uon
1372 3968 1502 4025 torruisse
1514 3975 1681 4042 suppliciunt.
1697 3974 1790 4034 Codex
1807 3978 1903 4048 Putttp.

1109 4038 1137 4083 et
1157 4033 1226 4111 ¹tatlit.
1245 4034 1324 4099 licia,
1349 4050 1491 4110 utortgruau
1514 4059 1563 4113 pro
1586 4048 1736 4117 ritartgriuui
1763 4064 1907 4121 perperam

1109 4102 1250 4170 sertbnnt3
1273 4107 1370 4162 sedin
1393 4125 1443 4165 ms.
1470 4112 1636 4186 Ponipeiano
1657 4120 1800 4187 posteriori
1825 4138 1908 4178 manu

1109 4185 1264 4257 conuectum
1278 4178 1386 4248 legitur.

1130 4246 1320 4327 ‘tolSolunne
1335 4249 1437 4307 Zenoni
1451 4262 1503 4322 est,
1518 4259 1545 4311 in
1562 4256 1711 4329 scripturis
1732 4277 1765 4318 ex
1787 4278 1902 4320 arantem

1130 4329 1215 4370 taurus
1229 4357 1237 4383 ,
1253 4319 1296 4373 rel
1318 4324 1437 4378 ternario
1454 4329 1517 4390 ,tel
1542 4332 1707 4397 septenario,
1726 4344 1799 4401 ete,
1815 4352 1905 4390 acero·

1111 4394 1221 4440 metuunt
1240 4430 1248 4451 ,
1264 4390 1345 4446 idest
1365 4397 1523 4466 mysterium
1545 4410 1573 4454 et
1588 4402 1698 4470 liguram
1712 4404 1841 4475 aliquam,
1858 4408 1908 4462 tle·

1112 4455 1289 4539 prehendere.
1312 4463 1350 4519 De
1371 4480 1484 4522 nurnero
1498 4470 1601 4525 liinerio
1612 4473 1672 4526 aide
1688 4474 1764 4541 pilttra
1784 4479 1909 4545 exerrrpla

1111 4527 1256 4592 tutuno.
1271 4548 1303 4614 tt;
1319 4536 1353 4589 de
1367 4552 1480 4593 tautucro
1490 4546 1644 4610 septenario
1658 4543 1742 4600 babes
1754 4550 1907 4618 exemplum

1111 4601 1189 4678 tract.
1206 4600 1250 4666 tt,
1264 4603 1310 4657 lib.
1328 4619 1345 4668 ι,
1359 4608 1450 4662 adriot.
1470 4610 1521 4677 ¹23
1535 4613 1568 4667 de
1583 4617 1701 4670 ternario
1713 4625 1803 4672 :tutem
1825 4619 1868 4674 liic
1880 4620 1908 4674 iu

1111 4675 1190 4722 tritun
1212 4686 1355 4739 praestruunt
1375 4694 1497 4742 rtartnero,
1509 4698 1589 4753 quent
1605 4688 1705 4739 nunni
1722 4699 1908 4744 sacramentnm

1110 4749 1190 4793 uocat
1204 4749 1282 4797 tract.
1297 4746 1341 4809 iti,
1356 4761 1387 4801 ac
1411 4751 1535 4807 similiter
1549 4761 1627 4808 tract
1645 4757 1687 4820 44,
1704 4757 1750 4813 lib.
1775 4776 1804 4825 ιι,
1819 4776 1908 4814 aemo-

1620 4868 1626 4890 ,
1641 4843 1700 4895 qttae
1713 4829 1832 4885 'l'liainar
1845 4846 1907 4897 prn-

1258 4887 1433 4953 teaaaatana,
1444 4894 1556 4964 virgam.
1566 4897 1612 4950 ils.
1628 4897 1703 4952 lietu.
1712 4912 1739 4955 et
1750 4901 1814 4956 cuit.
1826 4902 1905 4966 ch..

1584 4967 1662 5033 Uib..
1675 4972 1794 5038 specialia
1806 4989 1907 5042 puotpue

1570 5056 1669 5109 quoque
1683 5058 1814 5101 tiranterur.

1115 5163 1120 5173 Ι
1149 5091 1188 5161 (4)
1207 5095 1256 5177 ils.
1271 5097 1331 5153 Tol.
1344 5103 1472 5160 inrototi:
1488 5107 1556 5163 litate
1571 5112 1681 5165 irrorati
1695 5114 1838 5184 legendnm
1852 5126 1903 5172 cst.

1112 5178 1234 5222 ιιιιιιιιιιιι
1247 5170 1356 5238 tibulus
1371 5177 1439 5243 apud
1453 5177 1630 5234 Columellam
1644 5181 1670 5246 9,
1695 5185 1739 5240 44.
1764 5184 1840 5242 Zeno
1854 5206 1905 5243 atti·

1114 5242 1380 5366 iemtrmbibumm
1391 5251 1519 5304 cononum
1533 5252 1601 5322 ignia
1614 5261 1784 5322 temperatum
1806 5260 1907 5329 prodit.

1126 5320 1171 5359 icc
1185 5317 1229 5362 tilii
1282 5353 1288 5367 .

1114 5446 1120 5457 α
1151 5376 1250 5435 Tutor.
1266 5383 1452 5459 exitu-tt)
1465 5389 1656 5464 inscriptiones
1665 5404 1720 5452 tum
1735 5398 1762 5452 iti
1774 5414 1839 5455 mss.
1853 5409 1909 5456 tum

1115 5463 1140 5501 tn
1153 5450 1198 5505 eti.
1210 5453 1312 5510 cadara
1326 5472 1359 5511 ae
1372 5459 1398 5511 in
1413 5470 1489 5515 traet.
1504 5477 1565 5529 sap
1583 5475 1682 5522 iactatae
1697 5471 1776 5524 trabis
1786 5469 1905 5526 ltierttnt.

1114 5517 1192 5575 Rem.
1212 5523 1237 5576 in
1265 5541 1349 5607 marg.
1370 5530 1466 5584 addit:
1491 5532 1607 5590 Saebeto
1621 5540 1705 5606 pmitto
1721 5541 1797 5610 primi
1816 5544 1911 5599 mentia

1116 5605 1202 5672 corum
1219 5596 1339 5677 pontiaco
1356 5610 1415 5654 ante
1436 5608 1621 5670 procereoatem
1640 5611 1781 5667 recitanda.
1802 5612 1910 5669 Primus

1118 5677 1218 5720 tractasti
1231 5669 1350 5735 airutpuia
1363 5680 1406 5753 eat
1417 5672 1539 5733 llairtius.
1554 5676 1622 5734 Cum
1635 5695 1716 5751 porro
1726 5684 1908 5753 processionis,

1118 5747 1170 5789 non
1186 5746 1288 5805 auten,
1303 5750 1331 5795 ui
1342 5742 1418 5812 alibi,
1430 5746 1548 5805 stationis
1559 5752 1667 5809 trontiue
1681 5753 1734 5811 boc
1747 5755 1807 5811 loro
1818 5764 1909 5812 utatur
