4142 6175
231 201 301 260 1555
712 201 827 261 GES'l'A
845 198 1073 259 concentores
1092 199 1401 259 cnurttnctriuusts.
1808 201 1886 258 6556

230 323 297 377 idem
327 320 402 377 dicit.
431 320 555 377 llanderi
580 329 608 376 cc
629 319 787 393 subscripsi.
805 319 872 376 lteuu
897 318 1022 393 recitauit.
1039 321 1129 382 Anus
1143 317 1287 389 episcopus
1302 316 1483 374 vertanensis
1495 314 1581 390 (561).
1596 313 1886 386 Cuunqueuecessisset,

231 410 351 472 Donatus
369 413 512 484 episeopus
539 411 733 469 Bucconiensis
754 410 844 485 (555).
859 411 974 482 Cumque
983 426 1029 465 oe-
1079 410 1147 467 idem
1160 410 1237 466 dicit.
1250 410 1373 466 Mandoni
1389 418 1418 465 et
1430 410 1589 481 subscripsi.
1606 408 1675 465 ltem
1687 408 1811 464 recitesit.
1836 407 1889 465 Se·

233 505 363 569 cessisset,
378 501 447 559 idem
458 502 534 559 elisit.
546 502 669 559 llendari
680 512 709 559 et
721 503 870 574 subscripsi
883 522 890 559 ε
903 503 1032 560 aduersa·
1080 502 1215 559 cundinns
1234 503 1377 575 episeopus
1397 501 1566 560 Uueeicnsis.
1585 499 1702 573 Cumque
1715 503 1886 569 messuisset,

233 597 301 653 riurn
315 609 370 650 non
387 594 484 650 babeo.
508 594 577 651 item
596 595 720 651 recitauit.
747 596 866 652 Donatus
887 596 1031 666 episcopus
1080 596 1150 652 idem
1173 595 1251 650 dicit.
1278 594 1402 651 blandesi
1429 605 1458 652 et
1484 595 1646 667 subscripsi.
1668 593 1737 649 Item
1759 596 1889 651 recitauit.

234 684 420 756 regulatensis
434 684 523 758 (556).
539 684 654 758 Cumque
676 689 841 755 recessisset,
865 688 933 745 idern
952 688 1029 743 dixit.
1082 691 1212 748 Bellicius
1226 688 1371 762 episcopus
1389 688 1570 761 Teleptensis.
1586 687 1701 760 Cumque
1723 690 1890 758 aceemisser,

190 798 197 803 ·
232 777 357 835 llendavi
376 787 405 834 ct
427 779 586 848 subscripsi.
609 778 677 835 ltem
698 781 824 836 recitauit.
840 780 959 836 Donatus
972 780 1031 848 cpi·
1082 784 1150 839 idem
1161 783 1238 840 dicit.
1254 780 1377 838 Marrderi
1389 791 1417 837 et
1431 781 1590 852 subscripsi.
1610 778 1677 836 ltern
1689 779 1813 837 recitouit.
1831 780 1891 837 Lu·

232 889 332 945 scopus
345 874 466 931 Zicensis
478 873 689 947 (355).Cumque
698 877 857 941 censuisset,
872 874 941 930 idem
955 874 1031 930 uiuit.
1082 877 1141 932 eius
1161 876 1304 946 episcopus
1319 873 1449 930 zabensis
1469 872 1558 944 (562).
1581 870 1698 944 Cumque
1722 874 1890 940 remuneret,

234 969 357 1025 Mandoni
372 977 399 1025 et
409 968 567 1040 subscripsi.
580 968 647 1025 item
658 970 783 1025 recitauit.
797 968 875 1024 Felix
888 968 1034 1039 episeopus
1082 967 1151 1023 idem
1165 966 1240 1021 disis.
1255 964 1379 1020 standart
1394 973 1421 1019 et
1433 963 1591 1033 subscripsi.
1606 961 1673 1017 ltem
1693 964 1821 1020 recitauit.
1835 963 1891 1020 Be·

234 1063 480 1134 llegnrnuelitanus.
512 1061 626 1134 Cumque
659 1065 826 1128 secessisset,
860 1063 927 1117 idem
957 1062 1031 1116 Ainis
1084 1060 1182 1115 binnus
1195 1059 1340 1129 episcopus
1357 1055 1588 1131 concussistis).
1603 1055 1889 1129 Cumqueaccessisset,

232 1154 357 1211 nantoani
383 1162 410 1210 et
430 1154 591 1225 subscripsi.
617 1153 685 1209 ltem
707 1156 833 1210 recitauit.
860 1152 1034 1210 llarcellinus
1084 1149 1240 1205 idemdieit.
1257 1147 1379 1204 blandesi
1400 1156 1428 1201 et
1440 1146 1599 1218 subscripsi.
1615 1146 1682 1202 ltem
1693 1148 1818 1203 recitauit.
1834 1148 1892 1204 Bn-

231 1250 376 1319 episcopus
389 1247 552 1304 blullitanus.
569 1247 683 1317 Cumque
692 1249 858 1317 neemnsset,
874 1248 942 1304 idem
955 1245 1033 1321 dicit.
1085 1239 1199 1297 nilacius
1217 1241 1359 1310 episcopus
1376 1239 1563 1296 Utiunmensis.
1588 1238 1704 1306 Cumque
1721 1241 1891 1307 messuisset,

232 1340 359 1398 llandari
384 1350 411 1395 et
440 1340 599 1413 subscripsi.
632 1339 700 1397 ltem
725 1341 852 1396 recinuit.
882 1340 1036 1395 Benenatns
1086 1336 1167 1408 283
1181 1336 1249 1391 idem
1263 1334 1339 1389 elisit.
1356 1334 1479 1389 blandesi
1494 1342 1521 1389 et
1534 1333 1693 1403 subscripsi.
1715 1332 1782 1388 ltem
1795 1335 1894 1389 redtu-

234 1434 409 1509 episcopusja
423 1432 500 1490 Casis
514 1434 632 1491 Siluanac
649 1434 737 1506 (556).
749 1430 863 1505 Cumque
876 1433 1034 1499 accessisset,
1087 1427 1132 1482 nit.
1157 1426 1309 1482 llestitutus
1328 1425 1474 1495 episcopus
1495 1424 1748 1481 blenubressitauus.
1776 1422 1893 1491 Cumque

234 1526 302 1581 idem
316 1526 403 1582 dimi.
433 1525 554 1600 765565ιί
582 1535 611 1583 et
635 1526 794 1597 subscripsi.
815 1525 885 1581 item
908 1525 1033 1579 recitauit.
1088 1519 1254 1584 accessisset,
1275 1516 1344 1572 idem
1365 1515 1440 1571 nisit.
1463 1513 1588 1571 blandesi
1603 1525 1632 1572 et
1646 1516 1807 1587 subscripsi.
1824 1514 1893 1571 lteun

234 1620 349 1676 llullnus
365 1619 510 1690 episcopus
524 1619 675 1677 Cubdensis
700 1617 789 1694 (557).
810 1619 928 1690 Cumque
949 1634 1038 1673 acees-
1088 1610 1216 1666 recitauit.
1227 1608 1392 1665 0765006615
1405 1607 1551 1677 episcopus
1562 1606 1697 1679 Α66663ῑῦ
1711 1608 1801 1681 (564)·
1814 1606 1894 1663 ⁶⁸³²·

233 1696 493 1777 sescenisnummis.
508 1712 630 1768 Mandaei
644 1721 671 1767 et
685 1712 846 1781 subscripsi.
861 1709 928 1766 lteru
942 1711 1035 1765 nemra·
1051 1702 1073 1761 Β
1086 1720 1136 1776 que
1149 1703 1308 1767 accentum,
1319 1702 1388 1756 idem
1403 1700 1478 1756 dlxii·
1496 1701 1620 1756 Uindilli
1639 1708 1667 1757 θῑ
1683 1702 1837 1772 subscripsi
1850 1712 1896 1759 ²0²

159 1826 163 1837 ¹
234 1806 281 1858 uit.
291 1802 385 1858 Victor
397 1804 540 1874 episcopus
555 1801 875 1876 Dionystsncnststsiu).
887 1802 1038 1857 Prinuionus
1090 1795 1248 1851 traditorem
1263 1794 1290 1850 in
1306 1794 1386 1866 plebe
1400 1807 1459 1847 urea
1471 1811 1525 1850 nnn
1541 1794 1639 1851 babeo.
1656 1795 1779 1851 Aurelius
1791 1797 1895 1865 episeo-

235 1895 372 1961 episcopus
393 1893 560 1966 Cartlruqinis
575 1897 652 1950 dicit.
674 1894 807 1965 AEgrotat.
829 1893 896 1949 lum
909 1895 1035 1950 recitauit.
1090 1904 1139 1961 pus
1156 1886 1279 1942 Ecclesia:
1291 1885 1424 1943 castutius
1435 1887 1652 1943 Alocoutodiensis
1664 1887 1741 1943 elisit.
1756 1887 1896 1944 llabernns

235 1981 388 2041 &nanetus
413 1985 557 2057 episcopus
581 1985 790 2041 bleserielteosis
816 1984 902 2058 (556).
925 1986 1039 2057 Cumque
1090 1981 1125 2038 ibi
1139 1979 1339 2052 presluyterum.
1351 1978 1418 2037 Nam
1432 1992 1460 2037 et
1472 1981 1617 2052 episcopus
1630 1980 1666 2036 ibi
1680 1981 1739 2047 luit,
1754 1981 1837 2037 modo
1848 1981 1896 2037 de·

237 2076 401 2142 accessisset,
427 2074 496 2130 idem
518 2075 595 2131 dicit.
619 2074 743 2131 Merndari
766 2085 794 2132 et
817 2075 988 2148 subscripsi:
1012 2085 1040 2132 et
1090 2073 1200 2131 iunctus
1219 2084 1279 2141 cst,
1300 2084 1328 2130 et
1349 2074 1376 2129 in
1395 2074 1458 2131 loeo
1478 2075 1538 2146 ejus
1553 2075 1668 2132 necdum
1682 2082 1726 2131 est
1739 2068 1894 2131 ordinatus.

238 2167 426 2224 aduersarium
442 2184 496 2224 non
512 2167 611 2226 habco.
626 2168 749 2226 Aurelius
759 2170 897 2240 epiecopus
915 2168 1040 2225 Eeriesioe
1092 2168 1159 2225 ltem
1177 2169 1303 2225 remeauit.
1328 2166 1420 2224 vtetur
1438 2168 1583 2240 episeopus
1601 2166 1784 2224 Curubitenus
1804 2166 1892 2238 (565).

238 2262 375 2317 eetlrolicoe
389 2260 606 2317 llueomudieusis
617 2263 695 2317 nima.
709 2261 810 2319 llabes.
824 2261 980 2318 Persecutio
994 2271 1040 2318 tue
1092 2261 1206 2333 Cumque
1216 2260 1376 2326 assumeret,
1388 2260 1455 2314 idem
1465 2259 1542 2314 dicit.
1554 2259 1679 2315 llendevi
1692 2268 1720 2316 et
1732 2258 1891 2328 subscripsi.

237 2353 372 2426 plurimos
390 2354 465 2410 eires
478 2355 587 2410 euertit.
607 2353 744 2411 Lucienus
763 2353 800 2410 ibi
815 2354 866 2409 init
884 2355 1039 2425 episeopus.
1092 2355 1159 2409 item
1172 2353 1297 2409 recitauit.
1312 2352 1428 2408 Saturus
1440 2352 1584 2422 episcopus
1594 2350 1770 2409 Bieeeiensis.
1782 2351 1895 2423 Cumque

240 2446 334 2504 Adbuc
359 2446 480 2502 ordinari
491 2445 584 2502 babet.
599 2444 666 2501 item
682 2447 809 2503 recitauit.
825 2446 967 2504 Gloriosus
980 2448 1041 2516 epi·
1083 2446 1261 2511 accessisset,
1278 2445 1348 2499 idem
1365 2444 1441 2499 elisit.
1462 2442 1585 2500 blandesi
1602 2454 1631 2500 et
1648 2443 1808 2515 subscripsi.
1830 2443 1895 2498 lten

237 2554 337 2609 scopus
351 2538 530 2609 lligirpcneis.
556 2538 671 2610 Cumque
696 2540 860 2604 arcessisset,
874 2538 941 2594 idern
963 2540 1040 2595 dixit.
1092 2539 1216 2594 renunt.
1246 2536 1420 2594 Florentinus
1444 2537 1590 2608 episcopus
1615 2537 1780 2594 Furuitanus
1806 2538 1894 2608 (566).

239 2630 364 2688 blandesi
376 2641 401 2685 et
416 2629 576 2701 subscripsi.
598 2629 666 2685 lrem
678 2631 805 2687 recitauit.
831 2629 965 2688 Annianus
980 2635 1041 2702 epi·
1094 2628 1208 2696 Cumque
1219 2630 1378 2696 arcessisset,
1392 2628 1460 2684 idem
1473 2629 1549 2683 distr.
1562 2628 1685 2685 blandesi
1695 2638 1724 2685 ct
1735 2628 1894 2700 subscripsi.

241 2736 341 2793 scopus
354 2721 563 2793 Lemigigensis.
583 2720 698 2795 Cumque
707 2725 867 2791 arcessisset,
883 2723 952 2779 idem
965 2725 1041 2779 dixit.
1094 2721 1162 2777 item
1181 2723 1306 2777 recitauit.
1327 2720 1492 2778 AEroilianus
1505 2722 1651 2793 episcopus
1663 2723 1825 2778 Casensium
1841 2723 1894 2779 lle-

240 2812 365 2871 lilandari
378 2824 407 2870 et
426 2814 584 2886 subscripsi.
597 2813 665 2870 ltenr
684 2816 808 2871 recitauit.
825 2815 924 2872 Paulus
939 2817 1044 2887 episco
1094 2812 1276 2870 dianensium.
1292 2812 1406 2884 Cumque
1418 2815 1584 2882 arcessisset,
1598 2814 1667 2870 idem
1680 2815 1758 2869 discit.
1771 2814 1895 2872 llandari

239 2923 293 2980 pus
313 2906 460 2963 Siccensis.
482 2904 597 2977 Cumque
618 2909 780 2975 accessisset,
796 2908 865 2963 idern
879 2910 953 2964 uiuit.
969 2909 1045 2965 llan-
1095 2918 1123 2966 ct
1140 2908 1298 2977 subscripsi.
1316 2905 1383 2962 ltnn
1401 2906 1527 2962 recitauit.
1543 2906 1635 2962 Victor
1648 2907 1793 2979 episcopus
1805 2907 1896 2964 Getie-

240 3001 303 3057 duri
318 3008 346 3058 et
361 3000 520 3072 subscripsi.
540 3000 608 3057 item
628 3003 753 3059 recitauit.
768 3002 920 3062 Felicienus
935 3004 1043 3077 episeo·
1096 3002 1188 3059 nensis
1200 2999 1286 3074 (567).
1301 2996 1414 3069 Cumque
1426 2999 1589 3063 ueeeuisset,
1603 2998 1673 3052 idem
1687 2998 1761 3053 diris.
1774 2998 1897 3054 llunderi

240 3107 291 3162 pus
307 3091 520 3163 Aquunorensis
539 3092 628 3166 (566).
652 3094 767 3165 Cumque
788 3097 953 3162 necessest,
976 3094 1081 3157 idemC
1097 3103 1125 3150 et
1147 3090 1307 3162 subscripsi.
1329 3089 1395 3144 item
1414 3090 1539 3145 recitauit.
1561 3087 1679 3147 buculus
1699 3091 1846 3161 episcopus
1863 3091 1896 3148 ab

239 3184 315 3241 dieis
330 3167 453 3241 blandesi
468 3191 498 3241 et
510 3184 670 3258 subscripsi.
691 3185 758 3243 ltem
772 3186 899 3244 recitauit.
919 3186 1045 3245 AEmilia·
1097 3185 1240 3258 Hospitiis.
1253 3182 1368 3255 Cumque
1379 3185 1544 3254 uecemisset,
1559 3184 1625 3240 idem
1640 3185 1716 3241 dicit.
1732 3184 1898 3242 blandarius

275 3411 352 3487 (565)
373 3413 572 3480 boeronensis,
594 3427 642 3469 scu
658 3412 839 3469 Ruceoniensis
853 3414 880 3469 in
895 3409 1039 3481 Numidia,
1095 3414 1210 3470 saricosi
1230 3422 1258 3469 et
1277 3412 1400 3484 lieporuti
1420 3412 1479 3483 ejus
1497 3410 1658 3470 aduersarii.
1680 3412 1730 3469 llic
1748 3414 1853 3470 mentio
1871 3413 1900 3470 dt

238 3495 270 3542 ut
284 3485 365 3540 docet
378 3485 474 3538 notitia
489 3500 565 3538 num.
580 3484 625 3539 15.
1093 3484 1223 3540 Cresconii
1241 3483 1360 3555 episcopi
1381 3484 1528 3539 liunmistae
1536 3485 1678 3555 Aquensis,
1698 3484 1745 3540 sed
1762 3483 1896 3542 Numidae.

278 3553 355 3628 (35l)
380 3552 580 3626 depulsurum,
601 3568 650 3609 scu
673 3552 842 3628 Teqlutensis.
855 3554 884 3612 lu
899 3555 1043 3627 Numidia,
1093 3554 1161 3611 Naar
1181 3556 1271 3610 statim
1291 3552 1410 3610 Aurelius
1424 3559 1559 3627 episcopus
1576 3553 1793 3611 Meconrudiensis
1814 3557 1896 3612 inter·

242 3637 274 3684 ut
287 3627 369 3682 docet
382 3627 477 3682 nuntia
494 3641 571 3681 num.
586 3624 632 3681 66.
1094 3627 1225 3698 loquitur,
1251 3635 1387 3696 necunquam
1411 3627 1445 3680 de
1468 3625 1590 3680 Ecclesia
1606 3625 1656 3680 sibi
1669 3636 1732 3680 uuota
1751 3635 1779 3682 et
1798 3629 1896 3685 vicine.

280 3698 355 3770 (555)
377 3697 502 3752 Ziceusis.
534 3695 619 3762 ,Forte
645 3695 799 3768 Ziqqensis,
824 3699 870 3770 qni
898 3699 924 3755 in
948 3700 1044 3757 notitia
1094 3696 1205 3753 'lentius
1220 3697 1335 3752 luebetnr
1350 3696 1494 3767 iuuirecep.
1509 3696 1575 3762 668,
1592 3696 1899 3771 Victoriniunusepisrn·

245 3769 395 3840 prouinciae
412 3768 617 3834 proconsularis·
633 3784 707 3822 uuurn.
723 3768 755 3823 tt
773 3769 899 3825 luubetur.
1097 3786 1145 3841 pus
1164 3769 1305 3839 Aquensis.
1326 3783 1407 3837 quern
1432 3784 1464 3824 er
1486 3767 1636 3832 Aucupibus
1659 3770 1812 3837 proiectum
1838 3784 1898 3827 esse

282 3835 358 3909 (dub)
386 3836 495 3892 ACosis
520 3836 645 3893 Silurum.
670 3838 755 3910 Cuius
778 3839 985 3910 proriuuciuesit,
1000 3842 1043 3897 in·
1099 3841 1138 3895 eit
1164 3841 1254 3895 statim
1282 3840 1427 3894 Asellicus.
1456 3837 1621 3911 Arzngitana
1645 3849 1735 3896 autern
1761 3841 1898 3910 prouincia

244 3921 361 3966 eertum.
1098 3911 1187 3966 riciuua
1207 3918 1267 3964 erat
1284 3909 1470 3980 Tripolitanae.

280 3979 356 4053 (557)
381 3975 536 4032 Cubdensis.
569 3977 598 4032 ln
610 3976 762 4101 provisuris
787 3980 990 4046 proconsulari,
1019 3992 1050 4038 ut
1135 3981 1210 4049 (565)
1229 3980 1413 4037 Curubiranns.
1435 3980 1464 4035 ln
1480 3981 1575 4036 notitia
1592 3981 1738 4050 prouinciae
1752 3997 1898 4054 proconsu-

242 4053 326 4109 docet
342 4050 436 4105 notitia
453 4063 528 4104 num.
545 4049 589 4104 ts.
633 4049 698 4102 ieter
709 4048 853 4105 Cubdensis
869 4053 991 4108 interluit
1005 4068 1051 4126 sy·
1100 4051 1165 4107 ieris
1184 4069 1211 4106 n.
1228 4050 1274 4117 56,
1295 4052 1384 4107 minus
1398 4052 1469 4108 bene
1483 4051 1639 4107 Curiitunus
1653 4051 1764 4109 dicitur.
1780 4055 1898 4111 Concilio

243 4121 317 4179 nodo
330 4119 539 4189 Carthaginensi
551 4120 614 4175 anni
628 4119 694 4186 565,
706 4120 757 4176 sub
769 4121 919 4176 lioniiucin.
1007 4184 1010 4190 ¹
1099 4121 1306 4193 Carthaginensi
1326 4124 1378 4179 sub
1399 4123 1537 4178 Bonilacin
1555 4124 1617 4178 atini
1632 4123 1698 4188 565,
1716 4125 1803 4180 adluit
1822 4125 1896 4181 l’ere⁴

282 4189 359 4264 (558)
388 4192 612 4262 dionysianensis.
636 4189 665 4245 lu
682 4192 822 4260 prouincia
837 4191 999 4265 Byzacena,
1020 4206 1050 4251 ui
1099 4195 1188 4266 quinutu
1207 4194 1340 4265 episeopus
1361 4192 1483 4248 Eccleeim
1504 4192 1680 4249 Curudituuoe.
1702 4194 1818 4252 Saucius
1842 4197 1896 4254 An·

244 4266 326 4320 docet
340 4262 435 4318 eadem
455 4262 551 4316 notitia
565 4279 640 4318 nunu.
658 4262 721 4318 ttt.
737 4263 766 4318 ln
780 4264 1049 4344 canculioCartluagi-
1101 4268 1235 4334 gustiunus,
1256 4265 1304 4321 lib.
1321 4279 1379 4320 nxn
1398 4266 1432 4321 dc
1446 4264 1527 4320 Cirit.
1546 4266 1591 4320 uei
1606 4281 1666 4337 cap.
1682 4266 1710 4331 8,
1720 4267 1830 4322 Curubis
1845 4281 1896 4323 nuce

245 4333 389 4390 nensisnb
403 4330 540 4402 Cypriane
564 4335 728 4388 sententiaro
749 4333 818 4389 dixit
844 4334 1007 4407 Pomponius
1030 4356 1048 4392 u
1102 4338 1190 4390 tuirrit.
1211 4334 1330 4402 Plinius,
1351 4337 1504 4393 Antoninus
1524 4337 1550 4391 in
1572 4336 1714 4393 itinerario
1739 4348 1768 4394 et
1793 4343 1897 4411 Anony·

244 4404 416 4474 Dienqsiuuo.
441 4402 469 4455 ln
494 4404 611 4457 concilio
634 4402 861 4478 Cebarsussitanp
885 4408 1047 4479 subscripsit
1101 4421 1162 4461 rnuus
1182 4406 1326 4462 llus-ennae
1346 4405 1468 4462 Curuiint
1488 4407 1559 4462 iuutm
1577 4408 1702 4464 ciuitates
1721 4408 1822 4466 Airicer
1845 4426 1899 4466 mc-

245 4473 408 4554 l'ertuuatus
427 4470 651 4544 llionqu'onensis.
1061 4488 1228 4570 Dmornuut,
1249 4475 1369 4532 Curubim
1388 4492 1436 4534 seu
1456 4477 1577 4533 Curuliuu
1596 4479 1713 4552 appellat
1726 4479 1897 4549 l‘tulenunus,

284 4545 360 4619 (556)
389 4542 605 4612 lleserpeltensis.
633 4546 661 4600 ln
680 4544 912 4617 Byzacena-llam
927 4549 1049 4621 51555νρ-
1102 4548 1283 4617 lib.rr,cap.
1300 4552 1327 4604 5.

247 4618 296 4682 iio,
318 4630 366 4670 sen
381 4613 528 4685 llesurfiltu
544 4615 572 4669 in
594 4616 696 4672 Toiurule
721 4617 929 4688 peutingeriana
946 4622 1051 4676 locatur
1137 4617 1215 4692 (566)
1228 4618 1401 4674 Furnitanus.
1415 4618 1444 4675 ln
1460 4621 1598 4689 prouincia
1610 4623 1808 4693 proconsulari.
1823 4622 1898 4695 Apud

246 4688 319 4742 inter
332 4686 434 4757 qunos
447 4685 541 4741 llusrii
552 4694 580 4741 et
591 4683 720 4742 Gemellus
729 4688 827 4760 oppida
838 4690 985 4758 prouinciae
999 4691 1050 4765 By·
1103 4688 1240 4744 l'ietorem
1257 4690 1405 4756 Vitensem,
1423 4691 1471 4746 lib.
1488 4708 1505 4757 t,
1524 4708 1553 4746 n.
1568 4692 1596 4757 5,
1619 4690 1770 4748 mansuerus
1792 4693 1899 4750 limata·

248 4772 366 4812 recensu.
1102 4776 1151 4815 nus
1161 4762 1295 4830 episcopus
1306 4762 1434 4818 incensas
1445 4762 1544 4818 dicitur
1554 4766 1579 4817 in
1591 4773 1669 4834 porta
1680 4764 1837 4832 Furnium,
1850 4766 1898 4822 lroc

283 4827 358 4898 (566)
380 4830 590 4897 Aquoenouensis.
620 4828 651 4884 ln
667 4827 803 4895 Numidia,
820 4829 938 4889 uidoeet
953 4834 1049 4889 notitia
1103 4841 1145 4885 est
1165 4832 1198 4887 ad
1221 4844 1325 4900 portem
1345 4832 1535 4902 Carthaginis,
1556 4839 1738 4905 quantumst
1757 4837 1896 4892 adurbenr

247 4912 324 4953 nttrn.
341 4898 387 4954 75.
1104 4900 1130 4955 F
1130 4904 1286 4958 rrrnitmuonr.
1303 4902 1408 4958 Sinreon
1456 4906 1559 4976 iscopus
1572 4904 1654 4988 plebis
1669 4905 1825 4963 Furnitanee
1836 4908 1896 4964 sulu-

286 4966 363 5039 (567)
393 4967 573 5028 Verronensis.
595 4971 681 5041 Cujus
709 4971 859 5042 prouincire
882 4976 934 5042 sit,
963 4975 1051 5032 inrer-
1104 4976 1214 5039 scripsit
1234 4974 1352 5030 concilio
1371 4921 1579 5040 Germaniarum
1601 4978 1652 5032 sub
1674 4977 1831 5039 Bonilaciu.
1853 4976 1897 5048 qui

248 5047 317 5095 turn.
1102 5043 1255 5099 Bonilacins
1269 5042 1451 5114 apponimus
1459 5046 1791 5106 Ecclesienuconsecresse
1803 5049 1898 5107 dieitur

279 5108 344 5180 (566
385 5108 523 5169 Zabensis.
552 5112 917 5182 liuplexZaieinnotitia,
945 5133 997 5172 tuna
1021 5119 1048 5174 iru
1101 5115 1127 5168 in
1149 5117 1202 5169 ritu
1223 5115 1252 5170 S.
1268 5115 1402 5186 Furlgentii
1416 5131 1475 5187 cap.
1497 5117 1549 5183 29;
1568 5117 1845 5177 GemininsuA'urnis
1859 5122 1897 5176 in·

247 5179 329 5237 Numi
352 5182 376 5236 ie
403 5198 478 5264 otuu.
505 5183 551 5249 76,
580 5186 664 5242 altera
690 5187 717 5239 in
743 5187 901 5242 ileruritnnia
929 5188 1049 5245 Sitiiensi
1102 5185 1192 5241 tertnn
1208 5186 1324 5242 cotueilio
1337 5185 1544 5256 Carthaginensi
1565 5190 1616 5244 snb
1630 5189 1777 5262 Cypriane.

248 5268 326 5315 nunu,
344 5252 390 5308 tu.
407 5251 477 5309 Vnde
490 5267 551 5324 quac
569 5256 688 5312 diximus
706 5266 769 5313 notu
784 5258 836 5325 56,
853 5260 879 5314 in
895 5258 943 5314 tib.
965 5276 983 5316 ιι
997 5263 1051 5331 Op·
1137 5255 1216 5330 (567)
1237 5256 1410 5314 Gatianensis.
1432 5257 1511 5327 Apud
1533 5259 1668 5316 Victorem
1693 5262 1830 5319 viteus-nn
1849 5260 1896 5317 sub

248 5321 308 5378 teti.
533 5373 535 5378 ,
1101 5326 1183 5383 liutem
1208 5328 1255 5383 tiu.
1272 5343 1315 5393 ut,
1333 5329 1435 5384 tuentio
1456 5333 1486 5383 ttt
1507 5329 1637 5404 Bonisorii
1659 5333 1837 5401 Cotinnensis,
1857 5332 1896 5389 di·

247 5395 269 5463 1·ss
299 5392 362 5460 565)
387 5391 523 5449 Dnsensis.
552 5393 794 5465 Cuiusprorincire
811 5398 1014 5464 sit‚incerturn.
1101 5398 1607 5472 versiaSecundineGurrionensiqui
1629 5405 1782 5460 nominatur
1802 5405 1827 5460 in
1847 5418 1893 5458 no·

297 5462 362 5536 565)
382 5462 535 5520 Cresconius
554 5466 691 5535 episeopus
711 5471 844 5539 Aquensis.
857 5470 953 5526 Plures
973 5481 1050 5527 erant
1102 5468 1159 5524 titis
1173 5471 1361 5540 episcoporum
1377 5472 1523 5538 provincie
1538 5472 1685 5543 Byuaecnnu
1700 5490 1727 5529 n.
1743 5475 1789 5529 ἥ.
1807 5476 1892 5531 Eidem

250 5533 506 5605 Aquensrscpisenpi
528 5535 703 5601 taetricum
715 5542 805 5609 plnres
824 5550 1009 5596 unernorantnr
1023 5544 1050 5599 in
1102 5541 1158 5596 sedi
1181 5541 1288 5609 praetuli
1307 5540 1453 5596 innuerim
1473 5541 1596 5599 Eeclmiee
1606 5543 1778 5601 Gettinnensis
1798 5548 1892 5615 episro·

251 5604 476 5686 tunna-nunnae.
492 5605 551 5664 Jarn
567 5612 670 5664 mentio
685 5608 753 5663 lacta
769 5625 885 5681 cstcap.
903 5612 954 5668 155
983 5611 1050 5669 llei-
1102 5628 1165 5680 pue,
1186 5612 1231 5679 ιιιιί
1252 5613 1390 5683 syttutlicae
1411 5612 1612 5684 Byzaceuorutu
1633 5616 1742 5671 Petrum
1763 5616 1894 5687 subscrip*

252 5675 317 5743 prun
339 5677 468 5733 Cntlualici
488 5680 608 5750 episcopi
629 5681 754 5751 Aquensis
772 5680 799 5736 iu
819 5683 975 5738 Maururiunnia
989 5680 1050 5738 Catu·
1100 5685 1154 5749 sit,
1170 5683 1261 5738 relatus
1275 5685 1301 5738 in
1315 5685 1430 5740 coneilio
1445 5685 1621 5743 baturaneusl
1636 5687 1688 5743 sub
1701 5686 1826 5745 liertiae»
