4142 6175
248 292 298 351 tit
363 347 366 352 ,

852 275 1030 338 abundent
1049 269 1255 334 saturitati

1837 256 1892 314 di!

249 415 396 478 reprotaret.
422 405 482 461 Non
496 406 563 460 cuba
575 405 628 461 boe
641 403 736 459 ιιέιιιιιι
750 413 787 459 ιιι
801 444 808 467 ,
829 418 888 457 curn
906 400 938 456 de
951 415 980 455 eo
999 398 1044 453 iiie
1057 379 1217 459 Alortsica.
1234 388 1427 459 inscriptiones
1439 394 1528 440 nomm
1541 380 1707 453 psalmorum
1721 392 1769 448 pcr
1780 376 1892 433 neman·

250 482 386 550 queritur,
404 480 448 550 qni
459 492 521 532 urae
534 493 591 531 eaor
602 484 719 548 potestat
731 475 833 548 punire.
864 473 949 529 lmmo
973 469 1043 526 lenis
1096 473 1281 525 consecratas,
1298 469 1326 514 ct
1344 459 1416 529 ipisus
1437 455 1610 525 propheticas
1621 494 1629 519 ,
1642 460 1700 508 eta
1717 449 1893 533 Septrragiuta

251 551 397 609 commotio
412 550 457 604 ilia
469 555 522 614 est,
536 562 598 603 cum
613 546 684 619 quod
701 544 936 601 animadversione
952 542 1043 612 peragi

252 629 363 704 potest,
378 620 468 676 serbis
480 629 508 674 et
521 620 602 675 minis
616 620 782 688 exsequitur.
806 616 966 672 mutunus
978 613 1045 668 liar·

252 695 376 757 cciiuure,
391 692 437 747 lib.
452 702 511 756 tir,
526 692 552 747 in
570 691 623 746 bne
634 691 668 745 de
681 688 814 752 Lauritio,
835 687 879 757 qni
896 686 923 740 in
938 684 1047 741 isauriis

254 763 493 827 tumultuantibus,
510 777 598 834 neque
612 776 689 832 {etqua
705 757 942 829 promoventibus,
966 755 1047 810 minis

253 836 344 918 potios
367 848 447 904 quam
465 835 623 889 acerbitate
644 835 772 901 ploraque
782 833 917 886 correxit:
943 833 1050 897 poterat

255 923 293 970 ur,
307 915 336 960 et
349 907 442 969 armis,
458 905 505 959 sed
519 905 610 960 verbis
625 904 745 972 speravit
762 903 900 970 corrigere
919 914 950 956 ce
970 911 1050 969 posse

197 988 200 992 ’
255 977 327 1049 quod
343 977 442 1032 iactum
454 985 505 1031 ost.
521 976 578 1031 iluc
591 976 717 1044 (quodque
729 970 874 1030 tendebam
887 972 967 1026 minae
980 970 1050 1024 dirl-

256 1065 309 1116 ιιι,
326 1057 356 1104 ιιι
368 1047 560 1119 perstraderem
575 1048 771 1108 correctionem
790 1063 797 1098 ι
810 1058 860 1098 ιιι
880 1043 979 1099 desiuit
992 1042 1050 1096 aili-

186 1173 189 1180 ,
256 1136 320 1176 cere
334 1134 409 1174 nrum.
427 1120 479 1176 i'l:
500 1116 597 1173 Discite
612 1120 695 1187 secere
710 1118 813 1182 bouum,
825 1115 872 1169 etsi
886 1114 980 1183 (urunt
992 1129 1053 1184 pec-

257 1203 315 1247 cata
328 1201 421 1257 ιιιιιι,
435 1200 462 1245 ιιι
476 1191 607 1246 coccinum
619 1231 626 1254 ,
639 1190 707 1244 sicut
719 1189 804 1243 tertam
819 1184 952 1239 dealbabo.

293 1262 406 1345 ibidem.
429 1263 506 1328 Apud
519 1263 638 1317 bonestos
651 1267 754 1332 grauius
767 1268 805 1313 est
818 1256 905 1323 aliquo
919 1265 980 1311 noto
991 1271 1054 1309 cou-

258 1334 356 1405 surnit,
386 1350 463 1401 qaam
482 1336 567 1399 mori,
594 1345 649 1389 ern.
673 1332 783 1389 Scilicet
806 1329 953 1399 ignominia
978 1326 1055 1398 pejor

263 1414 360 1461 intorte.
382 1405 522 1460 Clnrrdiau.
552 1407 586 1460 de
614 1405 685 1459 belin
709 1404 851 1460 Gildouico
872 1399 944 1456 tat:

217 1474 223 1498 ‘
337 1482 425 1535 Nonae
435 1486 496 1535 morl
509 1487 586 1537 satius
598 1486 653 1536 citae
665 1498 738 1550 quam
751 1483 818 1535 ierrc
829 1480 964 1548 pudorem?

401 1584 428 1625 lit
440 1585 539 1627 rates.
555 1586 609 1626 XXV
624 1587 676 1636 Lttt.
694 1585 723 1637 li,
738 1586 764 1626 itt
785 1583 873 1625 iSbiiH
885 1582 922 1624 tt.

296 1668 361 1749 Pag-
375 1665 438 1728 aaa.
457 1665 491 1721 iit
505 1666 549 1723 bic
563 1666 719 1732 inscribitur
733 1666 765 1726 de
779 1663 879 1720 iudaeis
893 1664 919 1718 iu
936 1675 987 1716 ars.

297 1739 410 1806 ibidem.
426 1738 480 1796 Sed
498 1739 559 1810 quie
572 1754 641 1792 nima
655 1736 725 1808 opud
744 1735 891 1794 incredulos
906 1737 1058 1807 {uteros-nm

262 1820 369 1894 putatur
381 1826 463 1893 pertice
477 1808 668 1893 compendium,
686 1820 739 1864 etc.
754 1807 795 1864 bd
809 1806 917 1890 iliorum
938 1813 1057 1864 mentem

263 1881 401 1950 iioratrus,
419 1880 466 1940 bb.
480 1896 499 1949 ι,
512 1880 621 1952 epistol.
637 1895 693 1947 nrt,
706 1894 785 1933 remu
798 1877 894 1934 ultimo
907 1894 915 1932 ι

540 1973 606 2023 ilors
617 1971 700 2024 ultima
713 1970 776 2022 linea
787 1982 870 2020 rerum
882 1976 928 2020 est

263 2059 297 2115 Et
310 2058 414 2115 Seneca
428 2056 581 2114 Troadibus
595 2057 658 2114 597.

388 2151 448 2202 Post
459 2156 562 2201 mortem
575 2150 633 2200 nibil
647 2156 694 2213 est,
706 2151 883 2212 ipsaquemors
892 2143 965 2207 nibli,

386 2213 485 2266 velocis
495 2214 572 2277 spacii
584 2220 650 2266 meta
660 2212 800 2278 norissima.

265 2299 321 2355 Scd
337 2309 526 2369 postmortem
543 2309 628 2354 restat
639 2298 780 2370 inmitium,
792 2309 827 2351 ex
837 2307 890 2364 quo
900 2298 948 2347 aut
963 2288 1060 2362 gloria,

265 2380 313 2426 aut
327 2385 406 2441 prena
420 2379 522 2426 interna
538 2370 724 2440 consequitor.

303 2442 414 2498 ibidem.
428 2443 465 2497 Ae
475 2458 539 2511 pene
551 2458 598 2511 pro
609 2443 716 2512 infecto,
731 2447 784 2495 etc.
803 2437 868 2492 licie
888 2444 930 2491 cst
943 2448 993 2507 pro
1007 2448 1062 2489 uon

267 2514 400 2576 iaciendo,
417 2513 568 2582 perlectum
581 2512 751 2583 participium
768 2525 816 2577 pro
833 2507 933 2562 iuturo.

302 2579 1062 2656 ibidem.DeniquererimpietuertDamiuipassionario.

269 2656 375 2713 ectum
400 2668 426 2711 ct
451 2665 549 2712 terram
568 2664 735 2712 nnrrtestatus
751 2653 840 2709 iuerat
859 2651 956 2716 isaias3
972 2659 998 2702 at
1014 2650 1065 2704 boc

269 2729 296 2784 in
317 2728 407 2784 rucdio
426 2728 604 2798 disperdidit
626 2727 708 2792 diem,
726 2732 754 2779 ct
778 2725 823 2779 iila
838 2731 912 2776 ruotu
934 2733 1065 2776 noncrrssa

268 2799 386 2870 perdidit
409 2799 563 2855 firmitatem
593 2817 599 2854 :
630 2810 743 2867 utraque
767 2793 949 2852 testimoninm
974 2789 1066 2860 periri·

271 2873 373 2938 bucce,
390 2870 548 2925 denuntiata
571 2871 623 2926 illis
647 2883 747 2937 proetra,
764 2881 824 2922 reris
839 2865 947 2934 ludens
961 2862 1064 2924 iactos,

270 2957 331 2997 curn
361 2950 535 3010 trecentorum
569 2939 844 2997 exsecrabilissiuuuu
881 2943 963 3003 atque
985 2931 1068 2987 dete·

271 3014 474 3069 scibilissimum
487 3013 589 3070 Cirristi
606 3018 856 3139 mariagiutrarturt.

307 3083 420 3211 lgridgm.
437 3083 533 3141 Caelum
547 3087 574 3141 iu
585 3085 669 3141 medio
712 3084 737 3138 ie
758 3079 879 3153 perdidit.
895 3075 957 3142 tis,
970 3073 1068 3132 Coeium

272 3172 312 3211 me
332 3173 356 3211 to
387 3172 418 3211 re.

308 3229 421 3286 ibidem.
447 3229 517 3286 iiiuc
535 3232 664 3286 estimare
687 3229 754 3295 iicet,
767 3226 828 3298 qnid
850 3227 886 3281 eis
900 3224 933 3278 rit
956 3234 1069 3276 ιιιιιιι-

274 3310 398 3365 temeto.
412 3302 555 3358 Cirncludit
566 3319 600 3358 en
615 3302 697 3374 priori
710 3297 906 3372 propositione,
918 3298 1005 3349 morte
1016 3304 1070 3346 nort

273 3387 369 3428 omnes
381 3388 474 3444 poeuas
490 3374 570 3430 liniri.

396 3482 424 3521 tit
443 3482 541 3523 abaci.
563 3483 627 3524 xxii
647 3482 698 3523 ΗΒ.
715 3482 746 3533 ii,
768 3480 794 3520 tit
814 3476 903 3523 titttii
918 3475 944 3517 V.

293 3632 299 3646 .
312 3558 423 3644 ibidem.
432 3561 569 3618 iudaicam
578 3563 701 3636 populum
711 3561 799 3615 inlutis
814 3573 868 3619 rum
878 3555 993 3610 omisisse
1006 3567 1074 3624 prte-

277 3631 386 3714 rideant,
410 3643 462 3690 etc.
487 3637 575 3703 errrm
590 3634 746 3695 adnmnitus
761 3631 838 3688 isaiae
853 3627 1073 3685 interminatione

277 3704 380 3786 diurna,
405 3721 459 3760 utin
474 3705 579 3762 destitit
603 3706 638 3762 ab
659 3705 814 3775 impietate,
831 3697 978 3769 insistitque
1001 3694 1073 3753 ultra

278 3789 378 3857 essem
394 3789 481 3844 reatu,
498 3793 578 3847 quarn
598 3779 665 3835 eniti
679 3775 713 3831 nd
728 3774 860 3831 salutem.

314 3845 428 3907 ibidem.
443 3847 477 3903 iu
490 3867 540 3918 qao
551 3866 609 3909 eum
619 3866 669 3904 uon
682 3848 802 3901 surculae
816 3842 885 3914 upnd
908 3853 994 3897 uuiaet
1012 3853 1075 3892 cou-

279 3916 392 4001 demnne
410 3920 502 3988 [ratres
516 3922 663 3987 uenerandi,
679 3919 725 3975 sed
737 3919 827 3987 pictos,
843 3923 909 3975 ete..
923 3925 955 3965 ιι
965 3910 986 3964 Si
1000 3908 1076 3964 ‘¹3⁰0-

281 3998 323 4044 ret
337 3992 549 4053 misericordiam
565 3994 654 4064 potius
668 4000 798 4053 ureretur,
813 4001 893 4057 quatu
908 3979 1074 4039 maliciam·

282 4060 433 4116 liumanum
450 4068 522 4127 cuim
537 4077 579 4119 est
591 4063 738 4127 condolere
751 4062 944 4131 proximasse
958 4052 1072 4122 perdito,

281 4145 329 4187 seu
343 4134 493 4190 voluntaria
506 4135 719 4207 praecipitatione
733 4126 866 4202 pereunti.

318 4202 429 4261 ibidem.
447 4207 537 4277 Neque
549 4210 615 4262 euim
628 4215 710 4280 potest
720 4206 886 4277 nequequam
899 4198 961 4253 berta
972 4196 1075 4263 mereri,

281 4291 356 4348 quem
376 4289 449 4361 poter
468 4281 668 4353 patientissimas
688 4285 713 4334 et
732 4275 941 4331 clerucutirrimut
973 4268 1078 4325 aidica·

282 4354 326 4430 cit,
342 4359 395 4405 etc.
411 4351 475 4408 ileic
491 4352 547 4407 iniat
560 4354 658 4418 oratio,
674 4364 761 4420 neque
787 4346 880 4402 ridere
896 4355 1003 4413 possum
1023 4351 1079 4410 quo

283 4429 338 4473 siut
362 4424 515 4489 reserenda,
532 4435 577 4479 aut
600 4424 663 4495 quid
683 4423 839 4492 importent.
868 4415 1000 4484 Quocirca
1023 4425 1077 4466 non

284 4492 357 4546 uuita
371 4492 465 4549 deesse
479 4509 587 4552 censeo.

322 4561 385 4633 Peg.
398 4566 461 4622 ast.
478 4565 562 4622 Fib'or
576 4568 699 4640 appellat,
716 4572 744 4620 ιιι
757 4570 891 4635 ceaqpcrct
902 4559 1007 4622 cumcun,
1024 4563 1077 4609 etc.
1092 4566 1120 4627 1)

284 4636 365 4693 toties
381 4640 430 4692 ista
446 4640 555 4717 repetit,
571 4651 599 4694 ut
615 4640 698 4697 videri
713 4638 809 4709 possit,
832 4634 898 4689 tanti
918 4628 1015 4700 ingenii
1035 4627 1076 4681 ui·

285 4725 345 4793 ιιιιιι
361 4725 581 4781 arguarentorum
603 4712 714 4783 penuria
736 4710 883 4764 laborasse.
905 4703 940 4759 bt
954 4701 996 4756 rir
1010 4697 1077 4752 doc·

286 4787 356 4864 trina
377 4792 404 4836 ct
418 4783 518 4855 pictate
533 4784 646 4856 insignis
658 4780 809 4851 praemaluit
821 4775 1026 4834 nstinratioueur
1038 4770 1080 4824 sui

287 4854 430 4922 vilescere,
446 4869 526 4925 quam
547 4855 573 4908 ln
600 4852 718 4910 Ecclesia
743 4865 835 4921 seqren
857 4847 999 4902 verborum
1019 4855 1083 4896 strn-

287 4937 347 4978 rmu
363 4926 540 4995 supprimere.
555 4924 614 4980 Nun
629 4925 748 4995 qnotidie
764 4924 813 4975 ista
827 4914 1016 4992 expromebat,
1033 4909 1082 4967 scd

289 5010 336 5054 aut
347 5000 500 5083 quotannis,
514 5011 560 5056 aut
574 5001 652 5055 statis
666 4998 728 5053 artai
743 4995 918 5064 temporibus,
932 4997 978 5046 aot
990 4988 1081 5042 lorsau

289 5068 468 5142 longioribus,
484 5083 512 5128 ut
523 5072 695 5129 audientibus
709 5084 763 5125 utin
778 5064 866 5121 iutura
881 5060 959 5125 tucrb
979 5060 1083 5131 ingrata

289 5156 321 5198 ca
336 5144 471 5213 repetitio,
486 5145 564 5213 cuius
576 5144 630 5214 jam
644 5140 812 5203 attestante,
828 5154 882 5194 nort
898 5141 1024 5208 poteraut
1038 5135 1085 5182 aut

290 5215 370 5281 scire,
385 5222 431 5270 aut
444 5216 600 5273 meminisse.
613 5234 620 5271 ι
631 5230 682 5291 qua
699 5210 797 5267 iidtroia
808 5219 914 5280 tempus
927 5209 952 5263 iu
966 5202 1087 5259 lructuo-

290 5290 390 5345 siorem
413 5288 463 5347 Dei
482 5291 585 5344 cultmu
610 5286 832 5358 impendendum,
849 5295 981 5347 rrouorurp
1005 5289 1086 5402 argn-

291 5371 444 5417 memorum
464 5360 613 5417 insecutioni
633 5369 714 5430 atque
728 5357 870 5428 exquisitis
889 5351 1032 5407 teritorum
1057 5360 1086 5407 t·

291 5434 415 5495 nociuiis.
442 5447 557 5502 quorsom
581 5429 604 5483 si
627 5444 695 5499 opus
717 5428 799 5494 ieret,
820 5442 873 5481 uou
900 5421 1007 5492 indigus
1029 5423 1089 5491 crat

291 5506 470 5573 subtraxisse,
486 5501 615 5559 credibile
630 5511 681 5557 est.

416 5614 442 5655 m
463 5612 561 5655 rauca.
579 5609 652 5651 xxru
667 5610 720 5650 cra.
734 5579 764 5659 u,
783 5607 811 5647 ut
830 5600 966 5645 isarnum.

328 5692 441 5759 ibidem.
461 5691 592 5763 Propbetn
615 5686 683 5763 quod
708 5702 756 5757 pro
774 5678 851 5757 aeteri
871 5680 956 5743 niueo,
971 5684 1024 5731 otc.
1046 5672 1088 5737 se

295 5768 395 5896 geniani
420 5763 597 5841 inscriptione
617 5761 723 5841 arguit,
748 5766 871 5835 tempore
893 5749 1006 5833 trosellos
1029 5746 1092 5815 uilis

319 5843 456 5897 trrtsttaun
469 5835 630 5911 perlectum,
642 5830 713 5906 quod
722 5837 852 5900 exegerat
863 5824 954 5894 bsapb
965 5839 991 5878 ur
1000 5831 1093 5876 vetere

1096 534 1249 592 senioribus
1264 532 1359 586 divino
1370 528 1462 584 aiiiatu
1483 527 1579 583 Gracc
1601 537 1704 588 uersas,
1731 521 1843 590 impiam
1866 529 1896 575 et

1097 605 1263 663 leuissimum
1276 611 1350 670 esset
1363 613 1503 671 spernere,
1517 608 1545 653 et
1557 609 1695 651 recusare.
1718 591 1786 649 'lide
1803 590 1895 648 ineo·

1097 677 1215 734 doritnm
1230 673 1389 748 praelatione
1402 673 1429 726 in
1446 669 1577 741 psalmos.

1134 746 1246 803 ibidem.
1260 744 1310 811 Qui
1321 744 1392 816 prior
1404 743 1476 797 muca
1488 741 1590 796 Deretini
1605 739 1688 791 dictur
1698 744 1744 798 ert,
1758 743 1811 790 ete.
1823 733 1897 788 Pern-

1100 828 1141 874 ter
1165 818 1353 873 auctoritatem
1369 813 1466 882 psabui
1488 812 1569 881 trojus
1590 809 1683 874 isaias,
1698 821 1759 876 cap.
1774 821 1802 868 a,
1819 819 1895 860 uum.

1100 892 1127 951 7.
1139 890 1249 945 drrmnm
1267 887 1348 942 lsrael
1358 885 1464 940 vocarit
1474 884 1580 939 uincam
1594 880 1699 936 Domini
1710 877 1898 940 exercituum3

1103 963 1173 1017 Deus
1188 963 1246 1031 ipse
1260 973 1310 1028 por
1324 954 1498 1019 llierenrianr,
1510 970 1570 1022 cap.
1585 968 1616 1017 ιι,
1633 967 1708 1005 auur.
1720 949 1765 1010 at,
1776 947 1900 1016 prolator

1103 1034 1239 1103 plantasse
1254 1030 1333 1084 ritem
1348 1025 1503 1096 frugiferam
1518 1035 1602 1080 totam
1625 1037 1734 1084 nereum
1750 1033 1777 1075 ct
1790 1017 1898 1081 Dseas,

1103 1119 1164 1172 cap.
1179 1119 1214 1169 r,
1231 1104 1257 1155 in
1274 1099 1417 1169 principio.
1434 1100 1514 1152 ritem
1536 1093 1693 1156 frondosam
1717 1091 1802 1146 lsrael
1817 1087 1898 1150 dixit.

1104 1178 1132 1231 in
1147 1188 1200 1244 qua
1215 1172 1320 1227 inuictus
1332 1168 1484 1224 abundans.

1141 1243 1253 1300 ibidum.
1278 1241 1330 1295 Pro
1351 1239 1475 1313 fructices
1505 1239 1593 1312 epium
1620 1232 1828 1307 patientiaque
1850 1246 1903 1285 aaa

1106 1317 1259 1377 labruscam,
1269 1325 1322 1368 etc.
1334 1312 1428 1376 isaias,
1441 1327 1503 1381 cap.
1514 1326 1542 1377 v,
1557 1322 1630 1362 uum
1646 1305 1683 1361 2:
1698 1304 1855 1371 Exspectant
1871 1310 1904 1357 ut

1106 1387 1208 1443 iaceret
1231 1400 1316 1452 uras,
1339 1392 1367 1440 ct
1396 1383 1458 1436 iecit
1483 1381 1622 1436 talaruscas
1647 1394 1655 1430 ι
1684 1377 1710 1431 in
1739 1375 1835 1431 Graeco
1858 1381 1905 1427 est

1107 1461 1225 1520 ἀκάνθας,
1242 1458 1343 1527 spinas.
1355 1454 1504 1524 Utramque
1517 1451 1662 1508 lectionem
1671 1454 1780 1502 secutus
1791 1445 1901 1500 Noster.

1109 1532 1244 1587 labrusca
1258 1529 1330 1583 enim
1346 1526 1380 1580 nd
1399 1525 1580 1579 rrraturitatem
1597 1520 1712 1575 inactum
1729 1532 1782 1572 non
1803 1516 1907 1586 perdu-

1109 1604 1156 1667 cit,
1176 1601 1222 1655 scd
1235 1601 1303 1666 tiore
1317 1609 1394 1653 tenus
1408 1595 1527 1663 pririert,
1544 1590 1724 1653 Dioscorides,
1735 1588 1784 1643 lib.
1799 1603 1825 1652 v,
1839 1602 1902 1656 cap.

1109 1673 1138 1729 i.
1151 1672 1213 1726 blec
1228 1671 1298 1726 dixit
1311 1667 1403 1722 bortrit
1415 1666 1534 1736 quidem,
1547 1663 1595 1718 sed
1612 1660 1756 1716 infeliciter
1769 1658 1836 1713 dore
1846 1656 1906 1711 dis·

1111 1758 1192 1798 cosso
1219 1743 1306 1797 nullos
1320 1739 1404 1804 potuit
1427 1737 1529 1792 lructus
1549 1733 1665 1792 afferre:
1685 1728 1790 1786 addidit
1812 1740 1904 1783 atatem
1954 1787 1956 1790 ,

1110 1822 1138 1870 ιι
1150 1816 1252 1884 spinas,
1274 1812 1372 1881 quibus
1393 1808 1573 1864 'ltreodnritus
1594 1803 1730 1867 aliusum,
1746 1802 1794 1864 uit,
1810 1800 1843 1854 ad
1857 1809 1906 1855 eo·

1110 1900 1216 1949 irritatu,
1232 1897 1286 1951 qam
1299 1891 1380 1946 caput
1396 1880 1500 1934 Domini
1515 1879 1669 1932 cirrtcruut.

1147 1957 1211 2026 Pag.
1228 1954 1291 2010 252.
1310 1954 1395 2007 Atiam
1421 1949 1479 2011 citt.
1495 1950 1571 2004 idest
1592 1944 1907 2028 superinscripsissent

1110 2024 1384 2098 coiuutatepluntaait,
1399 2030 1452 2077 etc.
1466 2020 1560 2086 isaias,
1578 2017 1650 2073 dicto
1660 2030 1720 2086 cap.
1733 2029 1760 2076 r,
1777 2029 1851 2069 num.
1868 2013 1905 2068 δι

1111 2105 1157 2154 Καὶ
1173 2101 1258 2157 ἀνήσω
1277 2094 1467 2167 τὸνὰμπιλῶνά
1488 2112 1556 2165 μου,
1577 2094 1620 2146 eorl
1641 2090 1669 2143 ori
1688 2088 1782 2162 τμηθῇ,
1801 2083 1857 2140 aide
1871 2091 1908 2155 μή

1112 2192 1205 2244 crepa.
1218 2172 1261 2224 καὶ
1272 2167 1445 2226 medicantes
1462 2166 1498 2224 sir
1512 2161 1596 2220 ntia-in.
1615 2162 1649 2221 air
1663 2160 1698 2220 cir
1714 2159 1813 2233 χέρσον
1833 2153 1910 2210 deen-

1112 2245 1163 2306 θαι,
1185 2246 1227 2297 καὶ
1247 2247 1304 2299 ταῖς
1328 2237 1438 2310 νεφέλαις
1461 2235 1616 2307 incinefacta,
1640 2236 1686 2288 τοῦ
1705 2234 1740 2302 μὴ
1763 2229 1853 2302 βρέξαι
1871 2229 1909 2287 tie

1113 2315 1203 2370 inania
1215 2311 1298 2367 ὑετὸν.
1312 2309 1325 2364 ὁ
1339 2312 1390 2383 γὰρ
1403 2307 1522 2378 &pacida
1533 2306 1625 2380 supina
1644 2301 1762 2364 Σιὸαώθ,
1783 2295 1851 2359 οἶκος
1861 2304 1908 2354 τοῦ

1113 2386 1228 2463 Ἰσραὴλ,
1243 2385 1287 2438 καὶ
1297 2378 1431 2454 ἄνθρωπος
1444 2385 1489 2434 τοῦ
1503 2374 1583 2434 ’ἰούδα
1595 2375 1713 2448 νεόφυτον
1727 2373 1907 2444 ἠγαπημένοις

1115 2456 1149 2511 Et
1163 2457 1290 2510 dimittam
1311 2453 1410 2506 niueum
1431 2465 1524 2512 ιιιιιιι,
1549 2458 1572 2501 ιι
1596 2460 1646 2499 iton
1668 2443 1809 2515 putabitur,
1831 2454 1911 2509 neque

1116 2528 1249 2599 fodietur:
1273 2533 1297 2579 et
1314 2521 1470 2576 adscendent
1488 2523 1516 2574 in
1536 2534 1592 2573 euru
1615 2527 1744 2583 taruqrmut
1766 2515 1794 2565 in
1816 2520 1910 2564 terrnm

1114 2601 1236 2655 incultam
1248 2596 1340 2660 spiare,
1355 2602 1379 2647 ιι
1394 2592 1501 2646 rrrtbr‘ies
1516 2587 1656 2647 mandabo,
1671 2602 1702 2639 ue
1717 2585 1807 2655 piuant
1819 2583 1911 2635 itrcaut

1114 2674 1230 2734 imbuent.
1252 2666 1332 2724 Vinea
1345 2665 1413 2719 enim
1422 2662 1528 2718 Domini
1541 2659 1668 2724 Scitanti,
1682 2654 1782 2720 Domus
1806 2652 1910 2722 isroei,

1116 2753 1140 2796 ct
1154 2743 1228 2795 bomo
1243 2737 1315 2792 iudo
1327 2734 1427 2791 rrouetta
1440 2734 1564 2803 plantatio
1577 2731 1679 2784 diiecto.
1697 2727 1807 2792 tritona
1821 2723 1910 2779 aliter.

1117 2812 1288 2883 origenesin
1303 2805 1420 2864 blattitai
1433 2821 1492 2877 cap.
1505 2820 1561 2868 xxi,
1579 2817 1653 2857 ntrru.
1673 2800 1726 2865 53,
1742 2796 1881 2860 «sinerint,
1897 2809 1912 2846 a

1116 2885 1225 2938 Citristo
1241 2896 1293 2935 nou
1315 2879 1401 2933 minas
1416 2880 1561 2934 intentatas
1582 2873 1680 2935 vitreae,
1703 2867 1750 2928 sed
1774 2863 1912 2937 agricolis,

1118 2956 1270 3025 intelligens
1297 2952 1402 3004 vitream
1428 2962 1489 3004 esse
1512 2961 1626 3017 reguum
1643 2940 1689 3002 Dei
1711 2955 1759 2994 seu
1783 2941 1911 3009 carystcrin

1118 3027 1194 3103 regui
1212 3025 1269 3089 Dei,
1284 3037 1345 3093 quan
1357 3035 1417 3074 cum
1433 3019 1513 3073 luerit
1528 3017 1674 3079 incuriose,
1689 3022 1715 3067 et
1731 3008 1915 3064 fraudulenter

1120 3100 1210 3153 inabita
1223 3112 1237 3151 a
1251 3095 1395 3166 prioribus,
1411 3092 1496 3147 iocata
1520 3089 1569 3143 init
1580 3082 1785 3143 bdelioribuset
1795 3079 1916 3135 exactio·

1082 3176 1106 3241 (1
1121 3170 1195 3225 ribrm
1208 3164 1346 3241 agricolis,
1371 3164 1473 3218 scilicet
1488 3157 1660 3217 Christlanis.
1680 3154 1753 3209 Zeno
1767 3162 1868 3222 perstat
1889 3150 1914 3205 iu

1122 3242 1213 3298 rer-bis
1229 3248 1257 3294 et
1270 3235 1403 3293 sententia
1419 3233 1526 3302 psalmi,
1541 3241 1568 3286 ct
1592 3229 1676 3296 lsaiae,
1693 3237 1801 3295 prome
1821 3221 1916 3277 Graeco

1122 3312 1205 3369 dedit.
1222 3310 1306 3365 Porro
1321 3306 1396 3369 illud,
1417 3303 1444 3357 id
1459 3312 1496 3359 est
1508 3302 1596 3376 popuii
1610 3299 1701 3361 nostri,
1723 3297 1859 3369 glossema
1877 3294 1918 3347 iu·

1123 3395 1227 3439 trusum
1239 3383 1273 3436 ab
1286 3380 1339 3433 abo
1352 3393 1432 3448 quum
1444 3375 1479 3430 ab
1489 3384 1600 3429 arretore
1609 3371 1725 3425 ridetur.

1161 3454 1270 3509 ibidcur.
1283 3448 1429 3505 Beatissimi
1439 3446 1562 3518 ignoscite
1574 3439 1753 3511 oprirnitores,
1763 3444 1816 3492 ete.
1830 3434 1918 3491 ttora=

1124 3528 1179 3583 tius
1202 3524 1288 3594 Epod.
1310 3522 1343 3588 Ξ,
1367 3521 1474 3574 beatum
1498 3515 1643 3584 agricolam
1669 3512 1782 3571 uocauit,
1805 3505 1842 3565 do
1864 3520 1918 3574 quo

1123 3612 1220 3659 sauses
1239 3594 1275 3650 ibi
1290 3593 1361 3649 ride.
1383 3590 1481 3646 Noster
1505 3588 1626 3642 imitatus
1647 3580 1820 3641 braibannum
1838 3577 1918 3635 ditit.

1126 3669 1305 3731 Plriiustratus
1328 3660 1450 3718 ilcroicis
1473 3659 1621 3714 admirator
1642 3652 1769 3723 agricolae
1788 3649 1869 3703 etiam
1891 3648 1918 3703 iu

1125 3741 1223 3799 virretis
1235 3735 1438 3793 beatitudiuem.
1450 3730 1494 3792 ‘tic
1504 3729 1614 3792 ποικίλη,
1628 3727 1653 3779 iu
1675 3723 1725 3788 uit,
1736 3722 1802 3780 coiri
1812 3722 1920 3796 ὦρατιῡ

1126 3816 1236 3888 χωρίου,
1248 3813 1291 3865 eni
1305 3811 1339 3868 ὡς
1354 3802 1521 3861 indidissem
1530 3802 1613 3877 ἱλαροὶ
1627 3741 1767 3869 aiiinpue,
1780 3806 1861 3862 qttam
1876 3806 1923 3843 ra·

1126 3892 1165 3942 ria
1179 3896 1218 3938 est
1235 3881 1281 3937 tibi
1296 3879 1388 3950 praedii
1403 3873 1588 3946 pulcbritudu,
1600 3881 1736 3939 quemque
1748 3865 1847 3918 hilares
1858 3876 1923 3919 eru·

1127 3965 1225 4028 peruut
1240 3949 1350 4007 roncini.
1777 4006 1782 4017 ι

1163 4026 1274 4082 ibidem.
1308 4020 1433 4077 ileusuro
1459 4025 1559 4071 sanata
1585 4019 1746 4084 eornprttutur
1774 4022 1800 4060 aa
1826 4019 1921 4058 ancre·

1127 4100 1199 4165 inrui,
1214 4108 1281 4160 etc„
1297 4094 1323 4149 iu
1338 4089 1506 4153 rnalieolunr,
1528 4086 1562 4141 de
1575 4085 1652 4155 cttjrts
1671 4092 1797 4139 menettra
1811 4073 1924 4143 consule

1128 4167 1305 4226 Coltrruellaur
1321 4165 1369 4219 lib.
1386 4178 1425 4227 ιιι,
1442 4174 1502 4228 cap.
1518 4158 1561 4214 ti.

1164 4240 1275 4297 ibidem.
1292 4236 1426 4291 tutantes
1439 4231 1534 4287 ibidem
1551 4226 1671 4301 penitniia
1683 4223 1790 4296 ‚iumen
1808 4226 1926 4275 ntaaettte

1128 4328 1228 4382 meropes
1241 4308 1384 4366 substantia
1400 4305 1539 4369 nutrietur,
1554 4310 1607 4357 ets.
1619 4298 1692 4367 Lego
1703 4292 1823 4369 qmtitaiit
1833 4293 1925 4347 bumo-

1129 4386 1165 4441 ris
1180 4392 1296 4438 mouente
1318 4392 1418 4450 seraper
1440 4373 1599 4435 constantim·
1623 4383 1677 4424 non
1699 4367 1770 4420 cuim
1790 4364 1926 4439 animatur

1129 4455 1257 4527 genitalis
1271 4452 1380 4516 lrumnr,
1394 4446 1442 4503 sed
1462 4443 1606 4501 malleolus
1630 4436 1756 4511 genitalis
1783 4441 1923 4497 trumonis,

1131 4529 1212 4584 idest
1227 4536 1306 4581 terrac
1321 4519 1482 4578 substantia.
1499 4513 1648 4576 lucretius,
1670 4510 1718 4565 bb.
1731 4523 1771 4564 u:

1222 4644 1356 4695 Humerum
1368 4634 1451 4701 gittas
1461 4639 1539 4684 mater
1550 4643 1605 4681 cum
1617 4634 1683 4679 terra
1696 4625 1803 4691 recepit,

1225 4698 1288 4758 Feta
1299 4704 1361 4766 parit
1372 4700 1461 4750 nitidas
1471 4695 1556 4758 lruges
1567 4693 1718 4754 arbustaque
1731 4687 1797 4737 tcta.

1168 4814 1275 4879 Cicero,
1286 4810 1321 4864 de
1331 4815 1427 4863 uatum
1440 4803 1523 4863 beor.
1536 4799 1582 4855 lib.
1598 4812 1617 4853 rr
1634 4816 1641 4851 ι
1654 4795 1735 4850 Terra
1744 4790 1880 4866 praaidntu
1889 4805 1930 4843 ιι-

1134 4885 1245 4942 uriuibur
1260 4882 1346 4936 omnin
1368 4879 1447 4950 parit,
1466 4885 1491 4930 et
1505 4872 1588 4944 [uuiti
1608 4884 1641 4924 ca
1659 4883 1729 4932 aare,
1760 4866 1854 4933 stirpen
1874 4877 1930 4915 ιιι·

1134 4961 1211 5032 placa
1225 4955 1271 5008 elit
1292 4964 1316 5007 et
1328 4960 1421 5029 auqct,
1441 4949 1549 5019 ipsaque
1567 4942 1647 5013 oiitttr
1659 4937 1771 4993 siriasim
1790 4952 1806 4989 a
1829 4933 1930 5003 ruperit

1134 5028 1296 5089 astericisque
1311 5023 1422 5077 naturis.

1172 5097 1283 5155 ibidem.
1299 5095 1372 5150 Para
1385 5091 1494 5146 uraterin
1504 5086 1624 5147 tairriatis
1636 5083 1757 5164 intentur,
1768 5086 1822 5133 etc.
1835 5075 1932 5133 sotem

1135 5171 1262 5242 agricole
1276 5169 1386 5222 arbores
1400 5161 1618 5219 decacuminare,
1633 5155 1678 5209 ubi
1694 5166 1783 5207 ursum
1798 5160 1840 5204 est
1856 5162 1931 5201 conr·

1137 5244 1253 5299 uroriius.
1265 5235 1444 5295 iiaturaeuim
1455 5229 1549 5287 recisae
1561 5230 1629 5296 paui
1642 5225 1780 5285 subvenit,
1797 5233 1864 5275 nota
1873 5217 1932 5272 sui·

1138 5311 1254 5370 stoicudo
1276 5307 1408 5381 germina,
1432 5317 1493 5373 quse
1514 5299 1604 5354 adulta
1630 5306 1690 5365 post
1712 5307 1813 5349 antrum
1834 5294 1932 5360 partim

1141 5386 1300 5456 precinunt,
1319 5377 1416 5449 partim
1435 5375 1609 5442 relinquunt,
1625 5375 1653 5423 ct
1671 5365 1818 5436 quotannis
1836 5360 1932 5416 eodem

1142 5460 1204 5513 ioco
1219 5455 1364 5524 eligentes,
1379 5459 1518 5502 scamnum
1534 5440 1654 5511 ampiuqr
1669 5436 1695 5493 in
1709 5436 1807 5491 arbore
1822 5431 1933 5496 iscium,

1142 5528 1213 5599 quod
1229 5524 1378 5581 tabulatum
1388 5527 1441 5587 cst,
1457 5527 1483 5571 ct
1495 5514 1576 5579 veluti
1592 5508 1680 5566 bassis
1694 5520 1831 5589 expansa,
1851 5515 1934 5573 equa

1142 5599 1286 5656 solidiores
1298 5593 1363 5647 rami
1376 5588 1460 5643 relicti
1474 5584 1536 5657 ritis
1548 5597 1631 5653 pronos
1645 5579 1770 5652 palmites
1783 5581 1936 5649 sustentant

1143 5674 1173 5727 in
1194 5683 1268 5739 spem
1285 5664 1364 5721 lutrui
1379 5670 1534 5731 proventus.
1555 5644 1698 5710 tbrlumell.
1714 5650 1762 5704 bb.
1778 5665 1803 5719 r,
1818 5660 1878 5725 cap.
1895 5644 1912 5700 6
1927 5661 1936 5700 ι

1146 5742 1210 5799 Cum
1231 5736 1323 5793 deiude
1344 5730 1490 5786 adolescere
1508 5727 1645 5805 incipient,
1671 5716 1860 5821 [alesaciones
1879 5715 1937 5797 {or-

1146 5812 1258 5877 mande,
1272 5818 1297 5863 et
1311 5804 1424 5862 toittintn
1435 5800 1593 5857 instituendo
1605 5802 1680 5860 sicut,
1696 5786 1744 5845 boe
1756 5784 1823 5845 ¹euim
1836 5801 1939 5844 nomine
