4142 6175
188 266 225 322 89
622 262 850 323 btsstttttttttl
865 261 896 326 ΙΙ,
917 258 961 316 be
979 256 1007 312 S.
1026 253 1174 315 babebis
1192 256 1375 315 uocantur.
1805 258 1841 313 ab

188 395 214 438 ct
227 383 293 438 iilam
306 382 373 437 alter
386 397 418 436 cr
433 379 567 453 semetipso
581 380 608 434 iu
621 378 782 452 sanctipamu
802 377 884 443 lberto,
903 377 991 430 mereti
1005 375 1033 435 Α
1045 374 1092 430 scd
1112 376 1177 431 illud
1194 386 1297 433 tantum
1313 378 1439 444 innuunt,
1452 377 1486 433 ita
1503 377 1585 432 luxisse
1601 376 1670 433 itanc
1683 375 1742 433 Filii
1760 390 1842 447 genc-

186 476 230 531 arri
243 474 313 530 solua
329 473 470 528 contritis:
485 471 584 543 quibus
599 471 722 540 utrisque
742 470 769 527 in
786 468 853 524 locis
865 467 989 523 camdem

185 567 304 624 oecniac
327 563 687 638 gotteratienirseuteatiam
715 562 875 617 inculcatam
896 560 989 626 vida,

187 675 252 733 quae
270 661 427 715 intractata
444 660 472 726 8,
486 658 532 713 ulxi
547 655 659 727 proitule
674 654 877 726 lraneprioreat
894 654 990 708 rtatiti·

187 762 272 808 tatem
288 753 334 807 tibi
348 768 400 805 noa
414 751 472 805 licet
493 765 617 820 querere,
633 746 736 818 intpait3
751 748 822 819 quand
842 746 944 804 scilicet
959 761 990 801 ea

188 844 259 900 Filio
270 846 358 900 l'ntria
370 844 527 900 remanentia
542 844 624 899 uelato
637 858 670 898 ex
686 851 719 897 tr.
735 842 762 906 5,
776 842 884 907 beaune
900 842 991 896 secreti

186 940 231 995 atti
241 939 298 994 tolo
309 939 423 1006 conseia,
437 952 471 992 ex
496 945 574 992 tract.
587 935 616 1003 b,
631 936 659 990 in
676 933 762 990 l'atrir
776 945 800 989 et
815 932 880 989 Filii
891 943 990 988 tautam

132 1099 139 1114 ,
185 1033 493 1098 eomeientiaatanrexa't,
507 1047 541 1088 ex
557 1045 591 1088 tr.
619 1030 647 1088 8.
672 1029 767 1103 ltaque
791 1030 820 1087 S.
847 1030 923 1087 Zeno
938 1030 990 1086 boc

185 1133 225 1182 tr.
241 1125 411 1196 beaplieaus
424 1124 508 1181 rerba
522 1134 685 1181 tractatuum
697 1124 716 1180 b
726 1133 754 1181 et
767 1124 794 1188 ὅ.
806 1123 917 1179 Patauio
931 1124 990 1194 ipso

186 1218 439 1284 locumiadicante,
452 1217 484 1273 iis
497 1216 736 1291 interbisprimum
747 1217 807 1273 Filii
822 1218 990 1272 nativitatem

185 1312 324 1381 agnoseit,
340 1326 421 1382 qaam
442 1310 569 1368 Petarius
582 1327 615 1368 ex
637 1311 748 1369 Zenone
768 1327 821 1367 non
836 1312 927 1376 nauit3
941 1325 991 1367 uec

186 1403 265 1458 iliam
278 1405 387 1476 primam
398 1406 495 1470 innuit,
506 1422 584 1477 quant
592 1405 718 1462 Petamus
728 1408 838 1476 primum
846 1406 988 1468 intellexit,

187 1511 253 1551 cunr
281 1498 385 1553 scilieet
409 1500 611 1570 eacopitaturuut
625 1511 653 1555 ut
666 1501 782 1556 ordinent
794 1502 930 1555 instrueret
948 1516 989 1554 re·

186 1591 406 1660 raminepabilis
417 1592 463 1646 illa
474 1592 553 1647 uirtus
565 1593 878 1664 incomprehensibilisque
890 1593 991 1665 sapien·

187 1686 228 1739 tia
250 1685 483 1770 erepioaecordis
496 1696 626 1741 eructasse
652 1685 764 1742 Verbum
787 1686 920 1757 proditur,
942 1683 990 1740 scd

1044 471 1176 526 rationem
1201 470 1321 527 abditam
1343 481 1371 527 ct
1396 472 1515 528 relatam
1528 514 1537 537 ,
1551 481 1583 528 ut
1605 469 1843 543 procurationis

1043 562 1202 634 prioritate,
1221 573 1367 636 autequam
1383 566 1417 621 de
1434 564 1500 621 arbe
1514 563 1658 622 candendo
1675 563 1841 620 deliberare·

1044 666 1104 723 tur,
1117 657 1203 712 Filius
1222 657 1456 713 nullodircrimine
1475 659 1643 715 extrinsecas
1664 655 1774 727 prodire
1795 670 1845 723 po·

1043 749 1142 814 tuerit;
1157 764 1189 804 ae
1202 758 1346 821 propterca
1364 749 1472 817 attidem
1481 788 1493 817 ,
1517 747 1589 821 quod
1613 756 1691 804 tract.
1704 745 1843 804 bedertur

1043 856 1092 912 per
1115 844 1198 897 umba
1221 843 1276 897 aine
1302 843 1461 909 albemariae,
1476 842 1501 898 id
1523 843 1610 912 ipsum
1627 842 1706 913 piane
1732 840 1842 896 traceb

1042 937 1186 1006 exponitur
1200 951 1247 1006 per
1257 935 1325 1002 bare,
1336 937 1393 992 aine
1405 937 1573 1003 centuriatim
1587 937 1657 1008 qarob
1667 936 1754 1007 ipsum
1767 935 1841 991 laren·

1042 1029 1144 1085 lentius
1169 1029 1346 1106 candrmmnr
1362 1045 1395 1086 ex
1423 1030 1580 1096 tractatui,
1604 1030 1647 1085 nbi
1671 1045 1724 1084 non
1739 1029 1791 1084 alia
1806 1027 1841 1083 be

1042 1139 1123 1179 causa
1147 1123 1278 1181 latentem
1290 1124 1316 1181 iu
1329 1125 1409 1182 Patre
1421 1125 1456 1181 ab
1467 1134 1570 1180 aeterno
1581 1122 1628 1178 illa
1639 1122 1751 1177 rationis
1764 1122 1841 1193 siguo

1042 1215 1163 1272 diuinum
1185 1216 1283 1272 Filiam
1305 1216 1439 1288 aptanti,
1464 1203 1544 1288 apuam
1568 1215 1640 1287 pund
1663 1215 1736 1270 nullo
1753 1213 1841 1271 adbttc

1041 1320 1175 1381 concepto
1200 1310 1334 1366 condendi
1358 1311 1432 1366 orbis
1446 1310 1567 1377 decreto,
1583 1309 1698 1366 risibilis
1711 1324 1772 1365 esse
1787 1324 1840 1366 uon

1042 1410 1158 1473 poterat,
1183 1402 1220 1456 uti
1244 1417 1309 1457 satae
1331 1417 1366 1458 ea
1390 1416 1423 1457 eo
1448 1401 1559 1458 decreto
1574 1402 1841 1457 oiaibilisnecesaario

1042 1500 1100 1556 lieri
1116 1500 1229 1556 debuit:
1246 1500 1329 1573 Cujus
1353 1518 1385 1556 ea
1409 1517 1463 1566 ore,
1480 1501 1714 1572 inatti1,atrerara
1727 1512 1838 1568 tratura,
1908 1547 1915 1562 .

1041 1609 1101 1665 quoe
1127 1611 1178 1648 tion
1205 1604 1270 1661 erat,
1288 1597 1439 1664 (inperetur,
1451 1595 1561 1665 prodibit
1576 1594 1719 1665 anipenitaa
1735 1592 1838 1657 Filias,

1042 1688 1127 1741 cordia
1141 1691 1199 1761 ejas
1212 1688 1304 1760 aobp'lia
1315 1689 1465 1759 itaqailimta,
1479 1688 1572 1761 caindo
1582 1687 1686 1742 risibilis
1698 1689 1840 1742 necesaria

187 1780 277 1843 iliam,
292 1795 344 1852 apua
356 1779 441 1836 Filius
454 1780 482 1833 in
504 1778 591 1836 Putria
605 1781 668 1836 iicet
679 1779 836 1837 conscientia
848 1780 958 1844 aelatus,
974 1794 988 1831 a
1006 1779 1028 1839 B
1044 1776 1161 1845 effectus,
1176 1780 1237 1849 qnia
1257 1779 1343 1834 orbem
1364 1789 1503 1834 terruerat
1523 1780 1579 1850 ipae
1602 1783 1731 1850 parturiat,
1748 1779 1840 1833 liuma-

186 1872 271 1928 Patrc
284 1882 373 1929 nmen
389 1871 454 1928 Filii
468 1889 519 1928 aon
533 1874 589 1930 uae
607 1872 700 1942 offerta
727 1874 868 1946 amplexus
887 1874 988 1929 diserte

187 1964 319 2022 traditur.
346 1964 395 2020 llis
419 1980 501 2036 porro
524 1982 558 2022 ex
582 1966 672 2022 uerbis
686 1976 877 2038 argumentum
893 1977 986 2022 contra

185 2056 330 2114 Petusium
352 2057 510 2115 invincibile
529 2059 648 2115 elicitur.
678 2058 746 2117 cunr
770 2060 842 2117 enlm
866 2060 986 2116 ditinum

186 2146 309 2204 Verbum
325 2164 375 2220 pre
399 2165 433 2205 eo
446 2159 542 2206 tetrum
554 2159 628 2207 statu
643 2151 652 2214 l
657 2162 716 2207 ante
729 2154 814 2208 mania
825 2154 930 2218 iacula,
947 2154 988 2207 in·

185 2240 258 2313 quit)
272 2243 364 2312 utique
376 2253 522 2316 antequam
533 2247 737 2316 coropitataram
747 2249 988 2303 ortloitutrurretnr

185 2353 286 2402 rmum,
294 2337 320 2392 id
329 2349 369 2394 est
380 2349 523 2410 antequam
538 2341 710 2411 (prioritatem
721 2344 838 2410 rationis,
848 2351 876 2397 nt
888 2343 988 2398 saltatio

187 2439 301 2496 vocant,
316 2431 459 2505 intellipe)
485 2432 519 2489 de
534 2434 652 2489 creando
661 2436 727 2490 orbe
739 2434 877 2490 decretum
891 2434 986 2500 beret3

185 2537 263 2589 cum,
279 2524 399 2593 inquiam,
412 2541 460 2594 pan
471 2525 522 2581 boc
532 2534 634 2583 aterno
644 2535 714 2583 tutta
728 2527 847 2583 ditinum
856 2527 986 2596 Verbum,

188 2617 298 2670 tattretsi
312 2616 400 2672 Patris
415 2619 580 2676 conscientia
589 2620 719 2687 relatum,
729 2620 880 2678 alllrntctur
891 2621 989 2689 Filias·

189 2715 389 2785 retegendas,
405 2731 522 2787 aeramte
532 2719 673 2789 generatio
686 2719 778 2790 procui
791 2719 874 2775 dubio
888 2721 990 2776 asscri-

190 2818 251 2872 tnr;
267 2824 328 2864 nam
339 2852 347 2877 ,
360 2818 390 2865 nt
403 2811 474 2868 idem
486 2811 585 2869 latetur
597 2813 724 2869 Petatins
735 2813 839 2888 [taxat]
855 2814 902 2871 iil).
920 2832 935 2870 ι
954 2815 989 2870 de

188 2903 334 2971 Trinitale,
349 2918 410 2975 cap.
431 2905 459 2972 9,
476 2922 550 2961 num.
573 2907 623 2973 ll,
645 2905 731 2962 Filias
752 2909 807 2963 aitte
827 2908 990 2979 peaeratione

188 2995 279 3050 nullus
294 3005 349 3061 eat;
359 3006 457 3060 semul
470 2996 758 3070 loquiturbugustiuus
769 2998 817 3054 lib.
828 3013 844 3052 r
854 2998 888 3054 de
899 2998 987 3068 Trita,

188 3091 304 3155 numi,
322 3082 988 3164 ideopuippeFiliua,oaiopettitrta;etpaiaFiliae,

188 3184 388 3254 atipnepem'rns
408 3183 513 3256 storga
527 3183 611 3241 Filius
626 3188 660 3243 ab
673 3195 786 3249 aeterno,
798 3185 918 3242 orbilius
928 3171 1024 3257 quii-C
1040 3173 1183 3231 consessus
1197 3184 1249 3242 est,
1274 3172 1343 3230 duas
1355 3173 1472 3245 quedam
1492 3174 1572 3229 niodo
1588 3175 1742 3231 inutilitates
1755 3175 1838 3232 Verbi

188 3277 249 3333 dem
273 3279 380 3349 gentitus
398 3294 432 3335 ex
453 3279 570 3336 Zenonis
592 3281 727 3337 sententia
751 3280 854 3336 exstitit
867 3279 987 3335 ‹litiaum

1042 1888 1153 1944 nunaqae
1174 1872 1323 1929 visitaturus
1345 1889 1425 1944 penna
1443 1888 1453 1926 .·
1473 1873 1513 1926 sie
1528 1880 1632 1927 textum
1657 1872 1790 1943 integrum
1805 1886 1839 1925 ext

1040 1966 1168 2021 omnibus
1184 1980 1249 2021 uass.
1262 1976 1288 2021 et
1302 1959 1519 2033 etlitinne'prima
1533 1964 1668 2020 dedimus.
1681 1962 1749 2019 ilinc
1758 1977 1839 2034 perro

1040 2059 1074 2115 ad
1086 2060 1277 2129 explicandum
1296 2058 1413 2115 alterum
1429 2058 1581 2114 Petauianco
1600 2072 1723 2114 censure
1742 2065 1837 2128 caput,

1040 2152 1212 2223 Zenonisque
1226 2160 1345 2209 mentem
1359 2149 1839 2224 doctrinanpxeaperienuamaditus

1039 2248 1156 2318 amplior
1168 2258 1251 2318 patet.
1268 2247 1336 2304 Cum
1352 2248 1423 2303 cuim
1436 2247 1511 2303 bisce
1529 2249 1556 2303 iu
1570 2247 1659 2303 uerbis
1670 2247 1837 2303 nativitatem

1039 2340 1183 2411 qtramtlam
1197 2340 1291 2396 diuino
1306 2340 1395 2397 iterim
1412 2341 1510 2396 tribuat
1528 2343 1554 2396 ia
1566 2339 1674 2396 creandi
1686 2340 1761 2395 orbis
1774 2354 1839 2395 con-

1040 2430 1154 2499 silium,
1183 2432 1309 2503 inquiens
1329 2450 1335 2486 ε
1352 2431 1469 2488 Prodibit
1494 2433 1638 2504 unipenitur
1655 2429 1749 2500 attus,
1770 2442 1836 2497 ete,

1039 2524 1139 2593 attilius
1160 2523 1305 2577 concinunt
1319 2524 1370 2577 alia
1381 2540 1413 2579 ea
1432 2535 1465 2578 tr.
1481 2524 1516 2579 5:
1532 2523 1744 2595 Eeoopitatoraut
1755 2532 1783 2576 at
1795 2539 1838 2576 or·

1040 2615 1126 2669 diuam
1150 2616 1285 2671 instrueret
1309 2632 1406 2680 reraxn,
1422 2614 1561 2683 ineffabilia
1581 2615 1629 2670 illa
1641 2617 1723 2670 uirtus
1737 2616 1837 2670 itaeom-

1041 2707 1270 2778 prelrettsibiliatpue
1289 2709 1415 2782 sapietatio
1429 2726 1443 2764 e
1455 2710 1558 2779 repioae
1570 2709 1655 2764 cordis
1668 2719 1765 2765 etamat
1779 2727 1837 2765 aer·

1041 2800 1109 2865 bant,
1123 2803 1348 2872 omnipotentiam
1365 2813 1510 2874 propaput,·
1525 2817 1603 2870 cum,
1620 2803 1746 2874 itttpuam,
1763 2804 1838 2862 bisce

1041 2892 1068 2950 iu
1083 2894 1174 2950 verbis
1186 2908 1257 2950 nora
1271 2893 1394 2967 quadam
1411 2896 1538 2950 nativitas
1561 2895 1654 2951 diuino
1677 2894 1768 2951 Vedio
1788 2899 1837 2953 tri·

1041 2986 1138 3041 buatnr
1158 2986 1185 3041 in
1207 2984 1318 3042 creandi
1332 2985 1406 3042 orbis
1426 2986 1591 3054 eortsiiium,
1618 2995 1718 3056 prater
1741 2987 1836 3054 illam,

1041 3097 1121 3152 quam
1137 3081 1164 3137 in
1179 3081 1239 3137 sinu
1254 3080 1344 3137 Patris
1363 3080 1493 3138 latentem
1508 3080 1569 3136 aliis
1587 3081 1735 3148 paraemissis
1747 3081 1837 3138 verbis

1039 3266 1182 3338 agnouisse
1196 3265 1312 3322 ridetur.

189 3371 327 3437 Verbum,
343 3373 436 3442 titique
461 3387 476 3426 a
499 3371 579 3429 Patre
600 3372 647 3428 luit
671 3372 752 3428 etiam
768 3372 926 3428 distinctum
940 3389 947 3425 ε
962 3380 991 3427 ct
1075 3358 1169 3430 ltaque
1193 3357 1326 3430 G⁸⁰fbil¹⁵
1351 3358 1443 3414 Bllfllss
1467 3358 1493 3414 3¹¹
1519 3359 1679 3416 ’Ῑθῖθῃθῑθῑῑθ
1696 3358 1772 3416 Fidei
1793 3359 1839 3416 ΝῙ·

187 3463 319 3534 hincjam
336 3472 391 3519 tum
406 3481 486 3519 anam
499 3475 523 3519 et
534 3465 655 3533 ulterram,
670 3466 750 3522 idest
765 3479 894 3535 personas
909 3464 987 3533 duas,

188 3554 291 3612 Filium
306 3556 466 3630 Patremque
480 3559 618 3614 exstitisse
640 3558 710 3614 idem
727 3558 802 3614 zeno
815 3558 903 3629 palam
920 3557 988 3614 late-

188 3658 233 3705 tur
254 3658 374 3705 tractatu
388 3651 418 3716 l,
444 3651 472 3705 in
487 3666 547 3721 quta
575 3650 657 3707 rerba
674 3649 797 3722 pluribus
817 3650 921 3723 egimus
941 3648 989 3705 ad-

186 3749 245 3796 nat.
259 3742 289 3797 ἲ.
304 3741 368 3799 ilaec
382 3757 416 3797 ex
431 3741 498 3814 ipsis
518 3743 597 3809 locis,
612 3758 672 3814 quae
691 3758 706 3798 a
721 3743 833 3799 Petaaio
857 3741 988 3812 objiciun-

187 3845 250 3901 tur,
273 3836 341 3890 satis
354 3843 458 3906 aperta.
476 3835 523 3890 llis
544 3846 633 3891 autem
650 3834 673 3890 si
683 3834 777 3891 addas
791 3835 893 3907 reliqna
910 3834 986 3890 testi·

185 3927 277 3982 matria
297 3927 430 3995 superiori
445 3926 614 3999 paragrapho
627 3928 760 3990 indicata,
773 3928 871 3998 tpttibus
886 3931 987 3985 ductor

184 4019 306 4076 ditinum
334 4018 433 4074 Filium
453 4018 525 4075 i‘atri
541 4026 717 4087 coaeternam,
741 4022 893 4091 aqualem,
915 4021 988 4091 ejas·

184 4112 304 4183 demque
336 4111 495 4168 stabulanda.
526 4111 679 4169 luculenter
707 4112 847 4181 detrudit,
868 4113 924 4185 jam
953 4115 986 4170 ad

183 4206 410 4279 confirmandam,
420 4221 467 4261 scu
479 4209 569 4276 potius
583 4206 831 4276 demonstrandam,
847 4210 913 4264 satis
925 4209 986 4265 licet

183 4299 303 4366 obuiam,
329 4298 537 4369 explicationem
552 4301 647 4355 luorum
670 4309 815 4368 textuum,
839 4317 872 4356 cx
887 4303 986 4372 attilius

182 4392 255 4449 idem
267 4392 354 4448 Filius
364 4406 378 4445 a
389 4391 468 4448 Pat're
478 4392 511 4447 ab
521 4402 624 4447 aeteram
634 4392 889 4463 pertitussnlnmque
899 4393 986 4450 latens

1039 3467 1134 3521 canor,
1149 3464 1218 3511 sect.
1247 3455 1275 3523 3,
1294 3470 1354 3525 cap.
1368 3454 1396 3520 9.
1409 3455 1423 3528 ᾗ
1438 3459 1466 3523 b,
1483 3470 1544 3511 cum
1560 3464 1689 3511 uterinam
1711 3456 1757 3511 bei
1778 3454 1838 3511 Filii

1038 3549 1245 3618 generationem
1271 3549 1409 3621 prioribus
1431 3549 1523 3605 verbis
1547 3549 1837 3607 aZcrtoneadsertam

1038 3641 1194 3706 contendit,
1207 3652 1263 3698 tuan
1278 3659 1345 3700 reru
1362 3643 1558 3710 posterioribus
1571 3643 1736 3716 descriptam
1762 3652 1838 3715 putat

1038 3735 1197 3790 nativitatem
1220 3735 1293 3790 illum
1317 3736 1344 3792 in
1369 3744 1502 3805 tenuiore,
1527 3750 1578 3807 qiua
1595 3735 1680 3791 Filius
1702 3752 1736 3791 ex
1759 3737 1837 3791 i'atre

1039 3826 1170 3899 processit
1187 3826 1221 3883 ad
1246 3827 1414 3884 condendum
1437 3829 1582 3883 uniuersa:
1599 3827 1632 3883 Et
1646 3829 1720 3898 laceo,
1736 3829 1837 3901 iuquit,

1038 3921 1104 3975 nibil
1117 3921 1191 3975 aliud
1201 3931 1249 3988 eat,
1264 3938 1340 3994 paam
1356 3920 1428 3981 Filii.
1446 3938 1519 3992 quem
1537 3919 1615 3976 Pater
1626 3922 1698 3992 apud
1713 3938 1740 3978 ae
1751 3933 1774 3977 et
1789 3924 1837 3976 ribi

1038 4013 1099 4079 auli,
1115 4025 1141 4069 ut
1152 4016 1189 4069 ila
1204 4016 1298 4084 dicatu,
1316 4031 1348 4069 en
1359 4026 1455 4070 aterno
1469 4016 1669 4088 amplectebatur
1693 4016 1835 4085 recelotio,

1038 4109 1092 4162 aiae
1102 4112 1159 4181 ejus
1174 4124 1205 4162 ea
1219 4107 1299 4164 Patre
1320 4110 1431 4180 rpreaaio
1444 4119 1468 4164 et
1479 4110 1655 4183 processio...
1670 4111 1705 4164 ad
1719 4126 1759 4164 rea
1778 4127 1836 4180 pum

1038 4218 1089 4256 non
1102 4213 1194 4267 aaut,
1219 4205 1422 4275 procreantium,
1438 4222 1515 4272 reatae
1529 4206 1603 4260 rebat
1618 4208 1722 4270 creatis,
1737 4205 1835 4275 napta

1038 4311 1129 4367 atempe
1149 4305 1172 4350 et
1191 4295 1347 4364 bominibus,
1374 4300 1600 4368 ntattifertaudunr.
1632 4299 1705 4354 llatae
1725 4298 1834 4368 quidem

1039 4387 1217 4457 temporalem
1241 4388 1324 4443 diuini
1354 4388 1435 4445 Verbi
1464 4389 1711 4445 manifestationem
1736 4389 1833 4445 allisa

182 4485 211 4541 ip
231 4484 321 4542 peirn
339 4484 504 4541 parapotamia
521 4485 650 4556 proppius
667 4484 897 4554 110b150p‚‚.1ptt
914 4504 984 4559 prm.
1036 4480 1163 4536 Patribus
1177 4483 1258 4538 etiam
1275 4491 1336 4553 post
1351 4483 1489 4538 Nicetium
1500 4483 1645 4540 eottcilitam
1667 4482 1834 4538 nativitatem

183 4586 257 4633 terea
269 4576 450 4633 desiderabis.

219 4669 253 4723 at
267 4667 342 4723 euim
356 4667 543 4725 difficultatem
554 4667 666 4724 Palatio
681 4667 802 4725 iecerunt
818 4669 874 4739 illa,
887 4671 984 4741 artibus

175 4761 265 4817 'Pater
290 4761 390 4818 Filiam
417 4761 556 4817 indiscreta
582 4762 689 4832 apiriam
712 4762 870 4832 plmitatline
892 4774 916 4818 et
930 4764 985 4819 aiae

184 4855 334 4910 diurimiue
343 4854 480 4925 amplexas
490 4853 586 4910 eodem
603 4863 681 4910 tract.
694 4854 846 4911 btradirar.
859 4854 914 4912 Sed
927 4856 985 4913 liare

183 4961 236 5001 non
252 4947 386 5002 uanitatem
409 4961 531 5015 personae
542 4960 592 5016 pro
604 4960 638 5002 eo
650 4954 754 5002 aetcrtm
766 4956 848 5015 statu,
863 4964 910 5004 sen
933 4963 982 5018 po-

184 5039 236 5092 tins
249 5037 391 5108 prioritate
407 5037 451 5092 iila
466 5038 578 5093 rationis
589 5028 737 5105 insinuant,
750 5050 776 5093 ut
794 5038 893 5100 Petarii
904 5055 982 5111 argu·

186 5142 304 5185 metxtnm
318 5128 470 5202 postularet
491 5129 597 5201 (secus,
609 5128 716 5185 Patrem
730 5140 755 5185 et
776 5129 873 5185 Filium
885 5146 983 5188 vocare

185 5239 238 5279 non
250 5227 396 5294 potuisset,
410 5223 462 5279 nisi
478 5220 548 5278 iorte
569 5222 597 5277 in
614 5222 834 5278 sabellianorum
852 5231 877 5279 et
894 5224 983 5280 Patri·

184 5316 373 5384 passianomm
389 5315 562 5381 sententiam,
578 5315 623 5386 quai
635 5314 742 5370 Patrem
754 5314 887 5371 etFilium
905 5318 981 5372 toci-

183 5409 245 5471 bns,
271 5423 325 5463 non
346 5424 376 5463 re
395 5408 538 5463 distinctos
552 5405 707 5462 tradidere:
724 5421 777 5476 auo
792 5421 855 5463 casu
867 5407 980 5464 daamm

183 5501 256 5556 inter
277 5514 339 5556 sese
354 5499 532 5570 pugnantium
553 5498 693 5553 haereseon
720 5497 844 5554 adsertor
858 5513 913 5554 ttno
934 5514 982 5555 en·

180 5592 297 5664 demque
314 5602 431 5648 tractatu
453 5591 482 5648 S.
498 5590 574 5647 Zeno
587 5599 747 5660 argueretur
766 5590 917 5655 al‘etavio,
934 5591 982 5649 Sa·

180 5684 308 5741 bellinum
320 5692 349 5739 et
362 5684 481 5746 briano,
494 5680 566 5752 quod
580 5696 632 5737 nee
652 5680 780 5751 possibile
798 5680 914 5745 uidetur,
931 5697 981 5739 nec

180 5776 260 5834 alteri
274 5774 423 5846 contigisse
437 5789 559 5847 unquam
574 5772 632 5830 allo
645 5772 772 5844 exemplo
792 5771 979 5843 probabitur),

998 4560 1069 4628 Dae
1087 4575 1289 4643 processionem
1304 4575 1448 4647 qrxatndam
1466 4575 1549 4631 luisse
1565 4586 1706 4644 soranam,
1721 4575 1834 4641 inficiati

1036 4683 1090 4722 nnn
1107 4682 1267 4737 possunuxs;
1294 4668 1365 4723 iuter
1390 4684 1458 4736 atatis
1482 4669 1698 4747 exploratissimo
1713 4669 1834 4723 amnium

1035 4769 1130 4815 auctor
1150 4768 1281 4815 tractatus
1299 4760 1334 4816 de
1353 4760 1420 4817 Fide
1439 4760 1589 4815 ortimdnxa
1610 4770 1703 4818 coixtra
1720 4762 1835 4816 olriatxns

1036 4850 1063 4907 in
1071 4851 1226 4921 appendice
1235 4850 1372 4908 Ambrosii
1383 4850 1501 4922 Operum
1514 4852 1619 4919 inserti,
1631 4852 1675 4921 tpti
1686 4851 1834 4922 Gregmius

1036 4942 1153 4998 &uticus
1176 4943 1354 5013 probabiliter
1368 4943 1509 5010 creditur,
1525 4944 1664 5014 explicans
1678 4944 1742 4999 illud
1753 4945 1832 5000 Prot.

1038 5050 1083 5089 ιιιι
1097 5053 1104 5087 :
1118 5032 1247 5092 Dottriuaa
1259 5036 1366 5102 breteuil,
1377 5035 1417 5090 acl
1427 5037 1542 5091 condidit
1555 5053 1596 5091 nte
1610 5036 1637 5090 in
1650 5036 1723 5090 initio
1736 5036 1834 5091 maritat

1036 5141 1162 5192 aaarutu,
1178 5127 1236 5182 liae
1256 5126 1350 5182 scribit
1369 5142 1429 5198 cap.
1442 5125 1470 5193 2,
1485 5144 1546 5199 pag.
1558 5129 1705 5200 atbbpp,
1722 5139 1787 5183 tutti.
1804 5143 1833 5193 tt,
1909 5156 1913 5165 ι

1036 5220 1194 5276 Ambrosii:
1210 5219 1271 5276 Non
1293 5222 1329 5275 ito
1343 5220 1413 5277 Deua
1433 5224 1584 5296 rapientium
1607 5239 1679 5278 attam
1702 5222 1833 5289 coadidit,

1034 5314 1109 5385 quasi
1123 5314 1264 5384 alipuoatlo
1286 5316 1344 5370 aiae
1355 5315 1482 5387 rapientia
1494 5319 1587 5389 puerit;
1600 5321 1647 5372 setl
1659 5336 1716 5373 eom
1731 5322 1834 5376 initiam

1035 5406 1135 5462 uiarum
1159 5425 1264 5464 tauram
1292 5408 1372 5476 tlicot,
1388 5409 1491 5464 initiam
1516 5422 1599 5465 nautas
1625 5413 1709 5484 operis
1723 5413 1834 5485 alicujus

1035 5500 1159 5566 ostendit,
1173 5510 1201 5554 ut
1223 5501 1271 5554 boc
1289 5501 1390 5555 initiam
1402 5499 1493 5555 babeat
1508 5503 1633 5571 sapientia
1647 5501 1707 5568 Dei,
1720 5507 1789 5574 quod
1802 5506 1834 5558 tle

1036 5593 1092 5650 Deo
1101 5595 1223 5664 poseant
1230 5593 1265 5648 ad
1272 5596 1510 5651 meandoomnia...
1522 5594 1779 5669 [uaratt1Creonrest
1790 5614 1830 5651 er-

1035 5700 1069 5756 po
1078 5685 1213 5757 eaptenao,
1225 5686 1276 5741 imo
1286 5686 1382 5757 penita,
1390 5702 1441 5740 aon
1453 5687 1512 5754 sibi,
1524 5704 1581 5759 pate
1595 5704 1697 5760 teutper
1706 5698 1773 5757 erat,
1787 5687 1833 5743 aad

1035 5776 1086 5843 loir,
1098 5791 1155 5847 pua
1164 5776 1197 5831 ab
1208 5792 1238 5832 ea
1252 5776 1309 5845 pert
1325 5777 1465 5846 oportebat.
1484 5777 1516 5833 Et
1530 5777 1655 5834 similiter
1669 5780 1750 5836 etiam
1766 5779 1834 5837 Pru·
