4142 6175
162 354 232 410 1175
636 349 751 409 uesta
770 347 996 426 cobbartottts
1014 352 1325 414 centenumensts
1743 352 1812 409 tri

161 468 307 526 lessioncnt
322 467 557 540 partlseditorso
570 467 702 524 uenientis
716 465 888 538 apertissime
901 470 1003 532 sus-A
1051 470 1096 529 bb.
1118 472 1397 543 Ameties'epc'acopuc
1422 465 1546 523 lieclesle
1575 466 1710 523 eutichete
1734 466 1811 522 elicit.

160 560 264 631 ceperit
275 560 406 617 imum
428 567 528 625 teiln,
542 559 569 615 5¹¹
577 573 629 628 (1¹¹²
642 556 669 613 id
682 557 851 629 οι11108111811
860 570 961 628 willo·
1012 564 1087 637 Opus
1111 575 1154 622 est
1172 568 1234 632 boc,
1256 564 1358 637 eligant
1373 564 1408 623 tle
1420 563 1479 619 suis
1502 569 1617 633 septem,
1633 569 1662 617 et
1675 571 1741 617 eant
1763 558 1811 617 ubi

159 654 255 722 scitur,
268 651 341 724 (111011
354 660 445 707 108111
456 649 609 721 110510111ῑο
621 650 779 723 Wlfflin·
794 647 870 707 Unde
883 664 969 711 mam.
1012 660 1154 718 constituti
1178 671 1244 717 sunt
1261 660 1288 717 in
1303 658 1431 727 ecelesia,
1446 656 1593 716 strideant
1607 654 1679 713 illos.
1701 656 1736 714 Et
1758 658 1812 714 ulie

158 747 253 805 datum
267 762 316 818 per
328 745 447 803 oilleium
460 746 600 804 recitetur.
1011 770 1102 809 mmau.
1119 754 1283 827 Recognoti.

197 841 241 898 ⁵5·
258 839 403 896 rectene
417 839 636 912 episcopusdixit.
651 838 957 911 tcgnsscamneec.
1048 848 1093 906 ot.
1115 848 1262 904 renunes
1279 848 1414 921 epicopus
1428 845 1503 902 cecc
1525 842 1638 902 sunnin
1659 842 1811 916 manenti

159 932 308 990 Petilianus
319 931 468 1003 episeopus
478 931 637 1003 recognovi.
652 930 779 987 Romulea
790 940 961 1003 ecceptorte·
1013 955 1057 997 res
1069 950 1122 1006 est,
1140 948 1169 996 ut
1188 938 1308 1011 judicem
1330 936 1451 995 lacerent
1464 945 1572 993 testenr.
1587 936 1738 992 Potuerunt
1752 943 1810 992 ete·

158 1025 255 1082 cilocit.
275 1024 339 1080 Poel
360 1022 531 1080 eottsttitttttnt
548 1022 661 1080 lelib
682 1021 735 1079 liri
756 1022 914 1089 clarissimi,
928 1036 958 1078 lli
1011 1031 1067 1087 nim
1081 1031 1162 1088 etiam
1186 1045 1372 1102 quomumqgg
1389 1028 1504 1086 elericos
1525 1026 1638 1083 minoris
1652 1026 1705 1083 1001
1726 1041 1811 1098 appo.

159 1116 269 1174 kalentl·
285 1114 347 1173 ite·
368 1115 523 1172 baccatum
547 1114 646 1172 ioelum
661 1115 688 1172 in
704 1114 836 1173 Ecclesia·
851 1112 887 1170 Εἰ
901 1131 959 1170 cem
1011 1138 1077 1181 nere
1092 1122 1247 1180 nominibus
1265 1124 1333 1190 suis,
1348 1134 1376 1178 et
1390 1121 1492 1193 lingere
1506 1120 1583 1177 illum
1597 1119 1729 1177 honorem
1743 1134 1805 1177 esse

158 1213 286 1279 recitaret,
300 1210 447 1268 stemmate
468 1211 604 1283 episcopm
623 1210 699 1268 elicit.
721 1210 786 1269 Sine
804 1211 960 1284 prejudicio
1011 1231 1092 1287 quem
1108 1214 1179 1286 apud
1199 1230 1377 1272 sesaminum
1391 1213 1558 1281 existimant,
1572 1226 1634 1269 eum
1648 1210 1810 1285 hincpotis·

158 1316 253 1366 nostro
274 1306 381 1363 recitet.
402 1304 573 1362 limeellinus
604 1305 644 1362 air
664 1307 823 1363 cbmcmmm
842 1306 959 1363 tmlunus
1010 1307 1110 1365 simum
1121 1309 1268 1365 dubitetur.
1279 1307 1512 1365 Proindereniant
1524 1307 1551 1362 in
1562 1304 1694 1377 judicium
1708 1304 1807 1362 neorii

158 1411 183 1457 et
201 1400 316 1456 nemrim
330 1399 404 1455 dicit.
423 1399 527 1471 Saepius
542 1400 685 1457 interfatus
698 1414 769 1469 sum,
786 1402 875 1457 omnia
890 1402 960 1459 inte·
1010 1419 1026 1460 a
1041 1403 1119 1460 nobis
1132 1403 1229 1477 singuli
1244 1411 1452 1474 cognoscantur.
1469 1400 1602 1458 veremur
1616 1399 1715 1457 etenim
1730 1412 1811 1470 argu·

158 1494 214 1567 gris
229 1494 451 1564 responsionibus
466 1493 584 1549 recitari.
605 1493 732 1550 Romulos
746 1502 865 1566 caccptcc
887 1494 956 1549 reci·
1010 1506 1102 1554 menta
1114 1511 1187 1568 sepe
1199 1496 1300 1553 dinatius
1310 1495 1451 1566 requisita,
1467 1508 1526 1565 quae
1541 1494 1568 1550 in
1583 1492 1732 1567 perniciem
1744 1492 1808 1549 sint·

158 1588 230 1644 tacit.
244 1586 396 1643 hinnulorum
411 1586 510 1642 iactum
525 1586 552 1642 in
565 1586 686 1644 Ecclesia
699 1586 909 1657 Carthaginensi
923 1585 957 1643 ab
1010 1589 1140 1662 plicitatis
1162 1598 1261 1645 nostre
1280 1587 1401 1661 quotidie
1416 1587 1614 1643 machinantur.
1642 1586 1707 1643 line
1728 1585 1809 1656 igilur

159 1681 286 1739 universo
300 1680 415 1737 eorteilio
427 1680 616 1752 episcoporum
629 1679 844 1737 catholicorum:
861 1679 957 1752 praesi-
1009 1684 1094 1755 prima
1111 1699 1155 1740 res
1165 1692 1218 1750 est,
1233 1683 1268 1739 tle
1281 1696 1333 1754 qua
1349 1697 1398 1753 per
1408 1680 1540 1738 notariam
1553 1689 1674 1736 nostram
1685 1678 1808 1736 subilmi-

157 1774 239 1830 ocntc
257 1772 368 1829 nucetio
384 1772 512 1843 episcopo
531 1771 661 1831 Ecclesiae
681 1770 836 1843 carthagin.
862 1781 891 1827 et
908 1769 958 1828 stt·
1010 1778 1059 1834 eati
1081 1787 1135 1833 tuce
1156 1775 1284 1833 intimare
1299 1776 1463 1843 curavimus,
1483 1787 1572 1846 neque
1591 1771 1760 1829 cessannus
1778 1780 1809 1828 ut

156 1881 228 1924 rano
253 1868 368 1939 primate
386 1865 530 1923 hunilla.
560 1866 691 1935 Quamuis
717 1881 797 1923 enttsa
826 1866 957 1923 Ecclesiae
973 1880 995 1940 Β
1009 1870 1045 1926 de
1057 1884 1172 1927 nurnero
1191 1870 1280 1941 primo
1292 1876 1386 1924 nostro
1400 1874 1549 1935 constaret,
1570 1879 1651 1937 quern
1671 1878 1732 1920 esse
1743 1878 1807 1936 par·

156 1959 298 2017 catholicae
316 1959 648 2017 aduersusumneslclsas
662 1960 881 2027 criminationes,
901 1970 955 2017 etc.
1010 1963 1100 2019 culum
1124 1978 1232 2034 semper
1256 1961 1445 2034 imperialibus
1467 1961 1580 2017 auribus
1606 1960 1777 2016 mentiuntur
1799 2001 1806 2016 .

160 2051 425 2125 Viclcpuoclnpmt.
438 2062 500 2107 tom.
522 2066 560 2120 ιι,
577 2052 628 2108 eol.
644 2050 764 2109 sta-sat
781 2062 875 2110 nostre
892 2053 955 2110 sciit.
1008 2057 1138 2130 quidquid
1163 2058 1235 2114 enim
1258 2067 1351 2113 contra
1379 2070 1429 2113 nos
1449 2070 1557 2125 semper
1579 2054 1700 2119 elicitur,
1730 2051 1808 2125 quasi

193 2147 274 2220 257
284 2147 328 2203 bii,
339 2146 508 2202 Marcellinus
521 2147 560 2202 uir
575 2147 735 2203 eincimimua
747 2146 863 2203 tabanus
873 2159 953 2205 ctuo-
1006 2161 1103 2209 contra
1125 2149 1305 2222 paucissimos
1319 2149 1487 2220 impetratur.
1502 2146 1540 2201 Ει
1556 2146 1611 2202 alie
1623 2162 1712 2202 mace.
1732 2143 1807 2200 Peti-

157 2242 240 2297 terim
253 2240 331 2294 dicit.
344 2238 475 2308 Quottiam
499 2254 532 2296 ex
556 2240 715 2297 recitatione
736 2242 854 2297 mandati
883 2245 955 2314 quot
1007 2242 1097 2298 liaeus
1111 2243 1255 2312 episcopus
1275 2240 1432 2312 recognovi.

155 2331 956 2407 gestispraesentibusadhaerebitcloruitdiuinamagistesti·
1042 2336 1125 2409 258
1135 2335 1181 2391 (11.
1202 2333 1581 2390 llmcellicuscirelcrissimus
1593 2333 1746 2389 tribunusct
1760 2348 1808 2388 no·

156 2431 248 2483 naenia
261 2442 341 2499 quiam
365 2424 483 2483 lurensia
497 2428 604 2484 tinctula
620 2443 681 2484 esse
698 2429 816 2501 prolata,
832 2438 860 2486 et
874 2431 954 2488 edicti
1006 2432 1088 2486 ccciccc
1098 2429 1174 2485 elicit.
1190 2427 1262 2484 Falsi
1273 2428 1377 2485 crimen
1387 2425 1808 2499 necobjicerecondecetsacer-

156 2520 259 2591 pariter
273 2519 326 2577 anei
335 2529 456 2576 tenorem
468 2518 552 2576 luisse
569 2530 717 2591 seruatum,
732 2527 759 2580 in
775 2539 889 2581 numero
898 2526 953 2582 sci·
1005 2525 1108 2588 dotem,
1121 2538 1172 2581 nec
1185 2524 1357 2581 committere
1371 2518 1664 2593 potuissecretlentlum
1676 2515 1807 2575 esntttect

156 2613 220 2670 licet
232 2611 390 2681 deligendo,
404 2622 433 2669 et
453 2613 602 2684 imperialis
623 2616 826 2673 constitutionis
838 2616 953 2675 turmam
1006 2628 1096 2673 autem
1110 2626 1152 2673 est
1167 2615 1238 2687 qttocl
1253 2630 1302 2686 per
1313 2611 1670 2671 uestramrenerabilitatem
1682 2610 1808 2667 sciretis-

156 2708 332 2765 nihilominus
353 2708 534 2767 custoditam:
551 2709 677 2781 ideoqm,
701 2711 828 2782 qtmniam
840 2711 954 2782 iustitie
1005 2710 1109 2778 sidero,
1124 2719 1225 2765 'utrum
1247 2723 1342 2765 omttes
1356 2706 1499 2778 episcopos
1517 2714 1614 2762 contra
1633 2718 1701 2775 qnos
1715 2712 1805 2760 vestm

155 2802 224 2860 ortlu
239 2803 290 2859 boc
302 2803 432 2875 postulat,
448 2804 530 2859 etiarn
546 2803 762 2876 subscriptiones
774 2805 897 2862 omnium
911 2821 954 2864 ro·
1004 2804 1095 2877 pergit
1113 2803 1245 2867 intentio,
1265 2815 1380 2873 quorun
1403 2799 1485 2855 etiem
1507 2796 1671 2868 subscriptio
1693 2793 1805 2853 recitata

155 2896 283 2955 citentnr.
1004 2906 1058 2969 est,
1072 2896 1182 2968 possitis
1194 2908 1355 2967 agnoscere.

190 2988 236 3045 it.
258 2988 794 3061 Romuluscaceptorrecitauithurelins
808 2991 953 3064 episcopus
1041 2990 1087 3046 os.
1108 2988 1254 3046 Petilianus
1276 2986 1504 3061 episcopusdixit.
1525 2982 1745 3055 Singuliqnique
1758 2995 1803 3038 se·

154 3082 286 3140 Ecclesiae
310 3080 452 3140 catholicae
464 3081 686 3155 Carthaginensis
708 3083 865 3155 Carthagini
880 3100 951 3141 con·
977 3150 980 3154 ,
1004 3084 1080 3143 etun
1109 3094 1262 3143 nostrarum
1275 3081 1448 3140 adversarios
1463 3079 1542 3136 laciie
1555 3093 1701 3150 possumus
1717 3092 1804 3149 agno·

154 3176 265 3233 stitutus
276 3186 412 3248 praesente
423 3176 454 3233 V.
469 3176 500 3234 C.
514 3177 623 3234 tribuno
633 3189 661 3235 et
676 3178 782 3234 notario
794 3179 951 3237 biareellino
968 3236 972 3244 ,
1003 3178 1233 3238 seere.Sanenon
1244 3179 1341 3234 laisum
1352 3175 1515 3248 objecimus,
1526 3173 1574 3230 scd
1586 3170 1735 3243 ‹ttttgcmtae
1743 3186 1804 3227 ma·

154 3268 207 3325 hoc
218 3269 373 3325 insauciatum
384 3269 492 3341 suscepi
506 3280 534 3326 et
547 3271 707 3342 subscripsi.
719 3270 787 3327 item
800 3273 950 3331 allamma.
966 3276 988 3341 c
1004 3274 1085 3331 rimae
1099 3272 1226 3344 estquod
1246 3270 1371 3328 coluimus
1386 3279 1414 3326 et
1433 3269 1558 3341 probare.
1585 3265 1618 3322 lit
1639 3264 1692 3321 alic
1713 3281 1802 3321 arene.

154 3360 280 3416 Silvanus
295 3361 388 3431 primae
411 3361 486 3417 sedis
500 3361 646 3432 provincius
670 3362 804 3420 Nuntitliae
820 3375 952 3436 presente
1004 3365 1154 3423 Petilianus
1167 3366 1312 3439 episeopus
1325 3362 1480 3436 recognovi.

155 3453 186 3510 l'.
203 3452 236 3511 C.
250 3454 413 3510 Marcellino
424 3454 533 3513 tribune
544 3466 571 3513 ct
587 3458 693 3514 notario
705 3456 864 3529 Carthagini
885 3474 951 3517 con·
1038 3458 1085 3516 61.
1105 3458 1273 3514 llerccllinue
1285 3451 1325 3513 'tir
1338 3456 1498 3513 clarissimus
1512 3453 1630 3510 tubunas
1644 3462 1667 3509 ct
1686 3452 1804 3509 notarius

152 3548 263 3604 stitutus
274 3547 429 3604 mandatoa
444 3547 524 3605 nobis
537 3547 610 3606 laeto
620 3550 950 3623 consensletsuhscripsi.
1002 3552 1078 3608 dixit.
1093 3551 1151 3607 line
1162 3549 1248 3623 magis
1261 3553 1296 3606 dc
1307 3558 1397 3605 restra
1409 3547 1503 3618 iutlico
1516 3545 1672 3612 sanctitate,
1688 3543 1803 3616 ‹litigen-

151 3640 219 3697 ltem
232 3641 285 3696 clia
298 3658 385 3698 omno.
397 3640 556 3698 Valentinus
567 3643 713 3716 episcopus
725 3643 855 3703 Ecclesia
872 3645 951 3703 laia·
1000 3645 1047 3702 tiae
1061 3646 1151 3717 potius
1163 3657 1224 3700 esse
1238 3658 1319 3715 quam
1333 3641 1413 3697 uilius
1426 3640 1527 3712 objecti
1539 3636 1674 3705 criminis,
1689 3636 1762 3709 quoti
1774 3637 1801 3692 in

151 3735 244 3792 nensis
267 3732 307 3807 (ll)
327 3732 485 3805 Carthagini
506 3737 678 3802 constitutus,
703 3747 836 3809 presente
862 3738 894 3794 t.
917 3739 949 3795 C.
1000 3738 1193 3810 prosecutione
1215 3735 1359 3790 (licentium
1374 3747 1436 3789 esse
1458 3730 1573 3787 eredidit
1590 3727 1720 3784 sanctitas
1744 3737 1799 3782 tna.

151 3824 438 3883 llarccllloo'lribuuo
448 3834 474 3880 et
487 3823 600 3882 [lotario
610 3827 734 3886 mattiaci
747 3837 775 3885 et
789 3829 948 3901 subscripsi.
1001 3829 1056 3887 Sed
1073 3828 1139 3885 iilud
1152 3841 1256 3900 quaero,
1272 3836 1361 3883 ulrum
1377 3826 1404 3881 in
1418 3822 1545 3880 omatibus
1558 3821 1626 3878 loeis
1638 3830 1667 3878 el
1683 3819 1801 3877 ciuitati-

150 3918 186 3976 llt
211 3917 318 3986 rdinum
338 3915 541 3987 relamptiones
565 3934 675 3990 quorum
700 3922 805 3976 nomiae
828 3922 950 3978 manante
1000 3922 1052 3979 bus
1066 3921 1207 3993 utriusque
1230 3921 1315 3991 partis
1328 3920 1384 3976 bini
1405 3932 1468 3975 esse
1490 3915 1595 3989 possint
1608 3914 1729 3986 episcopi
1736 3930 1745 3983 ;
1760 3913 1801 3971 sic

149 4010 326 4069 continenter.
999 4015 1072 4073 enim
1085 4025 1197 4085 possunt
1207 4028 1238 4070 se
1251 4012 1412 4070 alterutrum
1422 4011 1502 4083 plene
1512 4023 1688 4082 cognoscere.

185 4103 232 4160 58.
254 4100 423 4158 Marcellinus
435 4103 474 4159 air
485 4103 645 4162 clamasimtts
664 4108 782 4165 tribunus
794 4119 819 4166 et
831 4112 949 4168 notamus
1036 4109 1082 4164 65.
1104 4109 1249 4165 Petilianus
1270 4109 1406 4181 episcopua
1429 4106 1505 4160 elicit.
1534 4102 1741 4174 Sapientissime
1767 4114 1801 4157 ae

150 4197 228 4252 dicit.
245 4195 299 4252 iias
311 4207 420 4265 quoque
430 4193 644 4266 subscriptiones
657 4212 717 4254 cum
734 4199 861 4257 mandatu
871 4213 948 4272 gesta
999 4202 1114 4274 prescio
1127 4201 1218 4256 omitia
1233 4198 1392 4270 praevidisti,
1409 4197 1450 4251 vir
1460 4195 1575 4261 nobilis;
1597 4210 1659 4249 nnm
1680 4194 1706 4249 in
1720 4192 1800 4264 plebe

150 4289 308 4362 suscipient.
320 4286 355 4341 b't
364 4288 471 4361 adjecit.
480 4287 613 4345 Numerus
626 4292 708 4345 etiam
719 4291 946 4351 subscribentium
999 4308 1071 4360 mca,
1093 4292 1119 4346 id
1145 4299 1198 4358 cst,
1223 4290 1332 4346 civitate
1353 4287 1584 4354 constantinensi,
1614 4284 1799 4341 adversarium

150 4382 315 4456 designetur.
340 4379 473 4436 Martialis
492 4392 611 4452 exceptor
630 4382 708 4438 elicit.
730 4383 842 4440 [lucenti
865 4399 949 4442 sexa·
999 4387 1087 4442 babeo
1100 4384 1289 4441 Fortunatum.
1303 4382 1331 4438 ln
1355 4381 1445 4438 inedia
1461 4389 1551 4437 eutem
1567 4378 1696 4434 dioecesis
1714 4392 1793 4444 mee,

151 4475 225 4547 ginta
238 4490 285 4532 ὅθι
299 4483 372 4531 811111.
999 4496 1073 4539 nune
1095 4478 1248 4536 institutum
1274 4477 1372 4544 babeo,
1397 4476 1452 4532 imo
1476 4475 1527 4546 ipsi
1551 4473 1665 4540 babent,
1687 4472 1799 4530 nomine

186 4568 232 4625 59.
254 4568 397 4625 Petilianus
408 4569 544 4640 episcopas
555 4566 630 4624 elicit
646 4566 698 4625 ilbi
707 4577 770 4624 sunt
780 4569 826 4641 qui
834 4570 947 4627 manda·
999 4573 1163 4646 Delphinum
1183 4570 1252 4645 (ib).
1268 4570 1394 4629 Peruidet
1413 4570 1468 4642 jam
1485 4568 1549 4625 bine
1570 4554 1725 4640 prestantia
1742 4577 1798 4634 tua,

149 4662 257 4719 rerintl
267 4661 297 4717 Ει
308 4662 362 4718 aliie
371 4679 461 4719 mauce
473 4661 620 4719 Petilianus
632 4660 777 4734 episcopus
790 4665 945 4738 recognovi.
958 4656 986 4718 D
1000 4667 1069 4724 tluos
1087 4667 1114 4723 in
1129 4666 1210 4722 unius
1229 4661 1308 4737 plebe
1321 4662 1406 4719 inissa
1417 4659 1578 4733 imaginarie
1595 4661 1652 4732 (tt)
1665 4659 1799 4716 constitu·

248 4800 411 4868 Vninnensis,
430 4814 477 4856 seu
514 4814 653 4865 etuneusca,
667 4807 705 4853 ιιιι
720 4807 905 4870 scriptumest
919 4800 946 4856 in
998 4802 1063 4873 quip
1083 4817 1098 4858 e
1116 4802 1261 4873 episcopos
1305 4805 1435 4855 oonttstas
1451 4812 1476 4851 tn
1493 4810 1544 4851 tina
1596 4807 1694 4848 ccesta
1717 4807 1798 4872 ⁴trisse

198 4802 214 4859 ll
491 4798 540 4854 B·
1064 4817 1081 4875 p
1281 4796 1457 4853 b·
1573 4791 1751 4849 El'l'

147 4876 233 4933 reteri
245 4874 324 4958 libro.
338 4872 408 4928 inira
420 4886 498 4942 capp.
510 4870 555 4955 lib,
573 4872 635 4936 115,
657 4869 946 4955 1511,.ιιιι1ιίιιιιίιιιι-
998 4875 1160 4929 constitutos
1184 4886 1238 4955 non
1257 4880 1299 4928 est
1324 4868 1480 4954 verisimile,
1506 4868 1647 4990 batuam}
1658 4863 1748 4949 cunct.
1767 4864 1797 4922 lo

148 4943 410 5089 mimenni
423 4940 946 5097 mellentensium
997 4942 1797 5097 e*lentescentem...iilum

147 5088 227 5145 Felix
239 5090 375 5161 episcopus
387 5084 541 5141 baiocensis
561 5082 686 5141 unterlutt
702 5084 816 5140 concilio
831 5083 947 5141 Cartha·
998 5085 1187 5142 Balianensem
1202 5092 1231 5142 et
1246 5084 1432 5140 beltanenscm
1444 5080 1512 5139 duas
1526 5080 1606 5136 sedes
1620 5093 1681 5135 esse
1692 5089 1795 5136 certum

167 5162 253 5214 inensi
276 5157 328 5213 sub
346 5154 440 5217 Grato,
462 5165 489 5211 et
503 5153 616 5213 Belenum
637 5153 790 5210 Baianensis
804 5155 947 5211 eluminatus
998 5166 1051 5214 est.

161 5230 200 5285 uit
224 5243 294 5284 anno
318 5229 380 5294 sut,
406 5226 432 5282 ln
454 5227 568 5282 concilio
582 5225 734 5298 bagaiensi.
753 5224 867 5282 Animus
887 5235 947 5281 erat
1035 5228 1096 5298 (111)
1112 5224 1281 5298 Delphinum.
1303 5224 1400 5280 llissus
1426 5223 1449 5279 is
1464 5221 1552 5307 luerat
1567 5220 1757 5305 inllnmidiaro
1779 5235 1795 5274 a

149 5301 220 5356 haenc
241 5298 333 5354 sedent
356 5297 459 5353 relerre
477 5296 510 5352 al
533 5297 719 5354 itnurltauiam
738 5295 945 5365 cenetensem,
998 5300 1170 5371 coepiscopis
1180 5299 1238 5352 suis
1251 5306 1361 5365 propter
1371 5304 1546 5352 necessitates
1556 5293 1734 5357 hoctenem
1747 5292 1794 5347 ba·

148 5372 210 5442 quia
234 5370 305 5425 inter
318 5369 462 5439 episcopos
477 5367 549 5423 illins
562 5369 709 5440 provincie
722 5369 824 5440 ejectos
842 5369 876 5422 ab
891 5367 947 5424 liu·
997 5369 1045 5428 bet
1059 5371 1128 5443 Aug.
1139 5385 1184 5441 ep.
1198 5368 1232 5424 ad
1246 5367 1363 5423 biarcell.
1378 5366 1442 5424 olim
1458 5366 1520 5431 158,
1537 5381 1609 5422 nune
1632 5363 1694 5419 159.
1711 5361 1795 5435 Hujus

148 5442 242 5498 nerieo
256 5456 319 5509 rego
332 5439 513 5496 laniatorum
528 5441 636 5509 reperio
650 5439 788 5495 Caecilium
805 5438 945 5495 Belianen-
996 5442 1080 5500 etiarn
1095 5445 1123 5496 lit
1138 5442 1240 5497 mentio
1260 5438 1329 5494 inira
1344 5452 1369 5494 c.
1383 5437 1448 5493 ste.
1466 5437 1528 5493 lirat
1541 5440 1685 5518 episcopus
1695 5435 1795 5489 consti·

148 5527 217 5569 sem.
235 5510 332 5567 Vectem
345 5511 409 5567 huic
429 5511 584 5582 cogitationi
604 5511 713 5566 obstent
735 5510 946 5593 subscriptiones
996 5521 1070 5570 tutans
1083 5513 1118 5570 dc
1128 5528 1198 5568 novo
1211 5513 1246 5566 nb
1259 5510 1386 5567 Ecclesia
1400 5511 1575 5566 necessitates
1587 5509 1615 5564 in
1627 5506 1716 5577 aitqua
1727 5505 1795 5560 urbe

148 5584 257 5669 concilii
269 5581 497 5666 Cahnrstrssitani,
512 5581 557 5636 ubi
581 5581 680 5704 legitur}
694 5595 791 5666 nomen
811 5581 945 5666 Pancralti
995 5584 1290 5672 Constantitteyicina.
1383 5654 1390 5667 .
1679 5645 1776 5700 ,ωμ

146 5650 814 5807 itit¹¹itinillctltt„rubenitis
829 5660 945 5780 obiti
994 5652 1795 5798 abitinensibusilleniminst

146 5796 306 5883 &lanensis
326 5796 475 5878 bonatista,
494 5795 564 5878 istut
583 5807 709 5850 evincere
723 5792 942 5878 videturssccie·
995 5800 1088 5857 narius
1100 5800 1254 5876 episeopus.

145 5871 213 5928 siam
228 5869 416 5930 &traniensem
430 5862 513 5925 inme
523 5864 658 5924 arvenna
677 5864 861 5936 abarancnsn
876 5866 943 5925 loos
