4142 6175
157 249 236 309 nni
647 248 761 310 unsre
778 244 1003 312 ιιιιιιιιιιι
1021 252 1335 316 ιιιιιιιιιιιιιι.
1740 268 1811 328 tete

163 362 258 422 dicant
267 362 493 435 quemadmodum
505 363 640 423 dissidant
652 368 667 424 t
679 366 715 424 Et
732 369 786 425 allo
799 385 890 427 mons.
905 369 962 428 lie·
975 376 1003 439 A
1014 372 1069 429 rint
1088 373 1188 445 quibus
1200 375 1265 432 mali
1286 374 1352 448 quid
1371 377 1399 433 iu
1413 375 1535 434 Ecclesia
1557 381 1722 450 apparuerit.
1752 383 1812 456 ipsa

162 450 290 527 cognovi.
739 530 743 537 .
1014 464 1132 536 questio
1146 472 1201 523 est.
1215 466 1273 524 lice
1286 466 1445 538 probamus.
1462 467 1582 526 Dicimus
1601 473 1674 527 enim
1693 488 1746 532 nos
1758 491 1813 533 non

198 548 263 606 all.
277 544 424 607 Petillontta
433 552 571 626 epitomen
588 554 665 612 dicit.
675 555 747 626 Quid
760 555 797 614 sit
819 557 963 626 mundus,
1015 556 1204 628 negligendam
1215 558 1323 630 quidem
1340 559 1560 617 Ecclesiastieam
1571 560 1765 634 disciplinam,
1785 575 1814 625 ιι

164 638 230 712 quid
244 640 281 697 sit
292 637 436 713 Ecclesia,
451 645 624 717 apertissime
634 647 778 706 dehnitum
793 658 837 708 est
855 649 964 724 abipso
1015 646 1179 721 ubicumque
1188 649 1395 723 luerintproditi
1410 651 1486 721 mali,
1503 653 1672 712 coercendos
1685 671 1733 713 eos
1752 674 1814 718 esse

163 741 278 791 auctore
304 734 399 792 muudi
428 745 510 810 atque
540 737 664 811 lactere,
689 755 737 811 per
765 756 846 814 quern
871 742 964 799 omnia
1014 749 1047 799 ut
1070 742 1261 815 corrigantur,
1285 743 1439 803 nonsoium
1463 760 1592 804 sermone
1612 749 1814 822 correctionis,

164 823 324 897 factasunt,
347 828 511 901 etsinoquo
525 829 594 887 nibil
615 841 660 889 est
680 830 792 890 lactum.
808 833 869 905 lpse
889 832 963 890 enim
1015 833 1203 891 verumetiam
1216 836 1544 894 excommunicationibus
1557 849 1586 894 et
1612 837 1815 911 degradationi·

164 915 297 975 boninus
322 916 392 975 dixit
407 937 415 977 a
431 918 547 978 diuidat
560 922 602 978 hic
616 939 688 996 ager.
703 922 812 996 (lintth.
828 928 901 998 rur.)
913 925 971 986 Pe.
1015 926 1087 997 bus,
1102 935 1132 982 ut
1145 925 1274 985 humilem
1287 927 1377 986 locum
1391 928 1488 986 salutis
1497 929 1524 986 in
1536 929 1658 987 Ecclesia
1668 942 1814 1003 qoemnt3

166 1011 263 1067 luisset
285 1010 397 1070 dicere:
422 1010 540 1071 blundus
566 1014 689 1072 Ecclesia
712 1016 855 1087 salvionis
882 1017 966 1089 igitur
1015 1018 1050 1076 ad
1064 1018 1227 1077 medicinam
1250 1020 1370 1093 ipsorum
1393 1021 1469 1091 lieri,
1486 1022 1630 1091 nononis,
1653 1023 1701 1082 sed
1725 1026 1816 1083 studio

166 1102 307 1162 hominurn
321 1105 402 1164 audet
422 1106 536 1165 delinire
548 1107 612 1180 quid
625 1108 743 1166 mundus
763 1110 813 1179 sit,
826 1125 887 1167 curn
906 1111 965 1182 ipse
1016 1111 1114 1169 salutis
1122 1111 1250 1170 iraternm
1262 1131 1269 1169 :
1282 1114 1353 1171 sieut
1365 1113 1483 1185 quodam
1497 1114 1557 1171 loco
1567 1116 1649 1172 etium
1660 1114 1719 1186 ipse
1729 1116 1818 1187 Apos-

167 1195 300 1256 liominus
323 1199 405 1272 buius
427 1199 514 1258 iactor
537 1211 619 1275 atqne
644 1202 737 1276 opilea
756 1204 813 1276 jam
838 1204 966 1276 dignatus
1017 1208 1301 1266 tolnsevidentissime
1324 1208 1446 1266 declarat
1460 1208 1575 1266 dicens:
1589 1208 1620 1266 Si
1631 1210 1689 1279 quis
1704 1226 1757 1266 ιιι
1772 1210 1817 1266 ob·

166 1287 396 1348 lueritdelinirei
419 1290 519 1347 Etoliu
539 1308 628 1349 mmor.
650 1292 801 1352 Petilianus
821 1296 965 1367 episcopus
1016 1299 1116 1355 caditis
1134 1301 1210 1357 uerbo
1232 1311 1337 1370 nostro,
1362 1318 1408 1374 per
1422 1300 1559 1371 cpitmhmt
1573 1303 1642 1358 hunc
1664 1312 1767 1372 notate,
1793 1313 1818 1360 ct

167 1382 326 1454 recognovi.
1017 1392 1098 1451 nolite
1109 1394 1269 1450 commisceri
1278 1410 1337 1449 cnm
1346 1409 1387 1449 eo.

201 1477 445 1536 biblioreellinttt
453 1479 493 1536 eir
505 1479 664 1538 christinus
678 1481 796 1538 tribunus
809 1489 834 1538 ct
848 1482 966 1538 ιιιιιὶιιι
989 1480 993 1487 ’
1053 1504 1088 1563 ΝΟ
1103 1507 1134 1562 Β,
1150 1507 1252 1564 cm
1263 1524 1321 1579 m
1334 1509 1522 1581 mmm„
1538 1512 1600 1581 ,μὴ
1618 1511 1770 1568 adm„
1791 1512 1820 1568 g,

166 1570 244 1627 dicit.
259 1569 331 1640 Quid
353 1570 471 1629 mundus
484 1571 539 1640 sit,
553 1572 599 1644 qui
613 1571 761 1630 salvandus
782 1572 898 1641 dicitur,
910 1572 967 1629 eri·

167 1661 422 1722 deuterosteudite.

1017 1597 1167 1655 collectione
1177 1598 1326 1666 Gestorum,
1341 1601 1497 1673 requirendo
1509 1602 1588 1671 sunt,
1608 1602 1721 1671 silibet,
1747 1603 1820 1675 upttd

1019 1691 1050 1749 S.
1064 1692 1239 1765 Augustulum
1247 1696 1275 1749 lu
1290 1693 1439 1750 tinotcrrio
1459 1693 1590 1752 Breoitttli
1606 1697 1752 1754 collationis
1764 1697 1820 1754 Do-

202 1755 267 1814 tis.
290 1755 437 1814 Petilionur
457 1759 581 1832 epicopus
594 1758 670 1815 dicit.
696 1758 783 1815 Eumo
807 1756 897 1815 dictus
925 1763 969 1814 est
982 1767 1008 1831 Β
1020 1785 1187 1840 mmmm·
1211 1785 1278 1843 W,
1292 1795 1356 1841 ,m
1378 1801 1423 1854 u,
1437 1786 1530 1858 ,apg
1557 1787 1636 1862 huju,
1656 1790 1725 1845 ,em-5
1739 1790 1819 1860 um,

168 1848 301 1917 mundus,
325 1849 371 1907 ubi
385 1848 456 1906 dixit
468 1891 475 1916 ‚
502 1850 628 1906 mundum
642 1850 812 1906 reconcilians
824 1849 889 1917 nli,
912 1848 969 1906 ιιι

168 1943 241 1998 enim
254 1942 305 1999 sibi
322 1942 394 1999 Deus
408 1941 534 2012 belluas,
552 1941 601 1999 sed
615 1942 740 1999 homines
761 1940 846 1998 voluit
873 1955 969 1997 recon-

167 2032 264 2090 ciliari.
277 2034 311 2089 Et
321 2034 375 2090 olio
386 2051 476 2092 monn.
491 2034 640 2093 Petilianns
649 2035 794 2106 episcopus
808 2032 968 2105 recognovi.

202 2126 267 2182 aii.
279 2125 447 2183 limccilintts
461 2127 500 2183 cir
513 2127 800 2185 clarissimustribunur
814 2126 970 2183 eleuterius

168 2215 245 2276 dicit.
261 2217 304 2276 Ex
317 2218 361 2276 bis
373 2219 500 2277 omnibus
512 2220 559 2292 qui
572 2219 667 2277 mundi
682 2221 794 2276 nomine
812 2233 969 2291 nuncupan-

169 2318 228 2377 tur,
241 2305 309 2368 dicls
322 2310 473 2369 Ecclesiam
488 2326 571 2385 posse
593 2319 738 2381 constare,
760 2321 855 2384 postea
877 2309 970 2368 decla·

168 2410 273 2472 ιιιιιι,
289 2419 323 2461 ιι
335 2417 411 2463 certe
422 2404 513 2463 renuis
527 2404 540 2459 l

203 2496 267 2555 278.
285 2496 413 2553 Emerilur
423 2499 560 2569 episcopus
573 2498 652 2554 dicit.
667 2497 753 2556 'i'oilis
768 2510 819 2554 nos
843 2511 860 2553 a
880 2496 970 2552 mani·

169 2587 238 2646 testa
253 2589 467 2660 prescriptione.
484 2587 529 2644 hit
545 2589 676 2646 Dominus
693 2586 818 2646 Christos
833 2587 861 2643 iu
880 2587 971 2644 Evan-

170 2681 243 2754 gelio
256 2699 262 2736 :
274 2680 343 2755 Ager
352 2682 465 2739 mundus
474 2690 522 2738 est.
533 2680 568 2737 lu
583 2698 640 2737 cum
653 2681 758 2737 diceret.
772 2679 806 2734 El
816 2679 870 2735 aiio
879 2678 968 2735 manu.

169 2772 306 2832 Emeritos
319 2775 463 2847 episcopus
485 2774 642 2847 recognovi.
656 2773 828 2830 llurcellinus
850 2774 890 2829 oir
915 2772 971 2828 cle·

169 2869 288 2925 tissimus
300 2867 419 2925 tribunus
429 2876 454 2923 ct
465 2868 584 2923 notoriam
596 2865 672 2923 dieii.
698 2865 825 2923 Patimini
853 2880 928 2939 ergo,
941 2873 972 2922 ιι

170 2960 205 3018 ad
216 2963 307 3019 omnia
317 2962 508 3035 qumepistolae
520 2970 612 3020 textus
625 2962 763 3031 eontinet,
775 2962 970 3035 respondeant,

170 3061 200 3110 et
213 3062 276 3112 lunc
290 3055 448 3130 plenissime
462 3055 497 3114 de
510 3055 637 3113 omnibns
648 3054 789 3127 iudicabo.

1020 1877 1072 1933 col.
1080 1877 1145 1944 652,
1155 1895 1227 1934 nam.
1238 1879 1289 1946 lt,
1303 1879 1348 1951 gai
1356 1878 1450 1950 incipit
1460 1880 1500 1936 his
1510 1882 1593 1937 uerbis
1605 1900 1612 1935 ι
1624 1882 1820 1954 Flagitautlbus

1019 1967 1112 2041 itaque
1127 1969 1288 2043 patientiam
1302 1985 1397 2028 eorum
1412 1971 1577 2041 catholicis,
1592 1982 1648 2030 cte.

1204 2105 1400 2166 scuranum
1424 2087 1642 2169 susurronis.

1057 2216 1082 2270 F
1083 2219 1168 2276 lomus
1182 2220 1352 2277 Marcellinus
1364 2222 1403 2277 cir
1423 2224 1583 2281 cismarinus
1599 2226 1717 2284 tribunus
1737 2237 1762 2285 ιι
1776 2247 1823 2287 no·

1020 2312 1103 2368 tanus
1121 2313 1197 2368 dicit.
1214 2313 1453 2387 vellemquem,
1469 2318 1541 2388 quod
1566 2325 1595 2375 et
1610 2320 1685 2376 omni
1699 2319 1734 2377 de
1745 2333 1823 2380 uoto-

1021 2419 1082 2461 rum
1097 2404 1250 2462 inteutione
1259 2420 1332 2462 nunc
1346 2407 1436 2479 cupio,
1454 2416 1483 2463 ιι
1495 2419 1593 2480 quanta
1608 2425 1643 2467 er
1654 2410 1824 2469 demonstra-

1021 2495 1096 2553 tione
1111 2497 1235 2554 veritatis
1251 2505 1279 2553 et
1299 2497 1410 2555 tandem
1426 2498 1524 2570 proditi
1538 2502 1641 2558 erroris
1655 2512 1715 2560 orta
1731 2504 1824 2560 laetitia

1020 2598 1075 2660 cst,
1095 2597 1169 2646 tanta
1193 2604 1228 2647 ex
1240 2589 1424 2647 conversione
1444 2593 1645 2664 superstitionis
1664 2595 1784 2668 antiqua
1797 2606 1826 2654 ct

1021 2680 1050 2738 in
1071 2681 1169 2739 melius
1191 2691 1303 2739 mutate
1324 2682 1469 2740 sententia.
1487 2685 1632 2757 gratulatio
1655 2698 1824 2747 nasceretur.

1021 2772 1118 2844 llagna
1132 2774 1205 2830 euim
1217 2772 1315 2845 gaudia
1328 2790 1391 2832 esse
1400 2777 1463 2848 quis
1477 2777 1582 2835 dubitet
1595 2793 1656 2836 cum
1668 2780 1825 2840 inveterata

1022 2863 1175 2937 egritudini
1197 2866 1321 2936 provenit
1349 2867 1485 2939 insperata
1513 2870 1634 2938 curalio;
1660 2886 1825 2944 causamque

1022 2956 1200 3013 exultationis
1213 2958 1240 3013 in
1250 2957 1348 3016 talibus
1356 2960 1488 3031 majorem
1500 2960 1565 3018 iacit
1577 2966 1682 3022 sanitas
1699 2967 1823 3023 restituta

1022 3065 1103 3123 quarn
1119 3064 1229 3123 semper
1241 3060 1357 3110 retenta.
1379 3051 1433 3110 Sed
1446 3054 1510 3126 quia
1531 3054 1679 3114 obstinatio
1692 3059 1825 3116 mentium

205 3147 268 3206 ιιι.
291 3147 399 3206 iiiiortn
417 3157 540 3221 exceptor
562 3148 638 3204 dicit.
653 3148 788 3218 Quoniam
817 3163 833 3204 ι
852 3147 972 3206 ιίΙιιιΙι
987 3154 1012 3221 c
1026 3143 1202 3216 perditarum,
1218 3159 1287 3217 quas
1301 3146 1495 3217 pravm·simul
1519 3149 1704 3219 persuasionis
1717 3151 1825 3208 vincula

171 3248 262 3313 partes
271 3251 400 3311 egerunt,
413 3251 441 3298 et
448 3241 558 3298 codices
567 3238 649 3297 binos
657 3240 830 3312 implevimus
840 3282 848 3309 ,
859 3241 882 3297 si
893 3240 972 3312 jubet

1021 3243 1184 3302 nexuerant,
1197 3233 1231 3290 ad
1241 3236 1313 3294 viam
1327 3236 1425 3293 salutis
1443 3246 1561 3294 ostense
1581 3250 1627 3296 aut
1641 3240 1732 3299 redire
1746 3242 1828 3300 dissi·

170 3333 327 3403 prestantia
347 3339 410 3400 ιιι,
426 3331 471 3388 alii
483 3331 562 3389 nobis
575 3340 738 3402 exceptores
761 3331 945 3403 subrogentur
961 3347 969 3398 ;
1021 3327 1108 3384 mulat
1121 3335 1179 3396 ιιι,
1193 3326 1265 3399 qnod
1276 3336 1319 3383 est
1333 3328 1465 3396 deterius,
1476 3330 1643 3402 impudentia
1656 3333 1826 3402 reformidat,

170 3432 200 3480 ut
209 3424 244 3481 ad
255 3422 450 3482 eonferendum
461 3439 611 3493 exeamus,
626 3423 786 3482 datisnobis
798 3423 970 3481 custodibus.
1021 3417 1173 3475 exserenda
1186 3419 1244 3489 iam
1258 3418 1348 3490 Ιιιιιι
1362 3429 1405 3476 est
1417 3429 1446 3477 et
1457 3421 1612 3479 exercenda
1635 3425 1781 3493 sententia,
1798 3434 1828 3483 ut

175 3514 268 3572 vitalis
281 3513 409 3572 lictorius
423 3515 546 3573 Ecelmioe
563 3514 705 3573 cmholicoe
719 3517 796 3573 dinis
809 3516 866 3573 lloc
879 3526 971 3589 elego
1021 3524 1091 3583 qnos
1105 3509 1141 3567 ad
1156 3508 1255 3567 bonam
1278 3511 1464 3576 valetudinem
1489 3513 1594 3570 leniora
1616 3525 1678 3587 post
1705 3529 1826 3588 apertam

170 3621 286 3680 suggero
298 3608 371 3681 quod
385 3616 414 3666 et
423 3619 553 3681 exceptor
566 3608 702 3667 nobilitati
718 3618 771 3667 tuto
780 3608 893 3667 adstans
906 3624 972 3682 sug·
1022 3604 1147 3663 cominus
1157 3605 1301 3663 ueritatem
1315 3606 1496 3663 medicamina
1510 3623 1564 3665 non
1584 3618 1725 3678 reuocant,
1737 3612 1828 3668 aerior

171 3701 267 3772 gessit.
1021 3698 1306 3755 restiluntcnrationis
1319 3698 1444 3754 intentio.
1457 3697 1507 3755 Cui
1520 3699 1593 3757 enim
1604 3700 1676 3757 ratio
1687 3702 1824 3774 proxima,

205 3793 271 3852 280.
286 3793 454 3852 llmcellinttr
464 3795 672 3852 circinissimus
686 3797 839 3854 tribunusct
854 3798 971 3854 noterius
1022 3791 1094 3847 sicot
1105 3799 1244 3862 gestorum
1263 3791 1350 3848 series
1368 3790 1491 3863 subjecta
1503 3791 1683 3862 demonstrat,
1699 3795 1770 3852 sicut
1785 3796 1827 3852 di-

170 3886 246 3943 dicit.
262 3887 339 3945 Sicut
352 3886 435 3944 etiarn
459 3888 601 3958 superiore
619 3886 723 3960 iudicio
738 3887 839 3944 laetum
863 3896 907 3944 est
920 3931 928 3957 ,
942 3886 971 3945 bi
1021 3882 1149 3940 vinorum
1174 3898 1283 3954 quoque
1294 3883 1463 3940 voluminum
1487 3884 1573 3941 indita
1586 3887 1711 3958 exempla
1725 3897 1828 3947 testan-

169 3978 218 4051 ιιι
230 3991 260 4035 ιι
276 3978 381 4037 tabulas
402 3978 532 4052 implesse
554 3990 788 4049 commemorant,
803 3994 865 4038 cunt
881 3989 973 4037 custo-
1024 3982 1078 4041 tur,
1092 3989 1147 4032 ιιι
1170 3973 1272 4047 liquido
1285 3974 1407 4033 declaret
1419 3975 1513 4042 alieni,
1527 3977 1635 4036 etiamsi
1654 3982 1763 4051 probari
1779 3999 1827 4054 po-

171 4070 375 4141 dilucescant,
386 4072 519 4132 insonum
530 4061 663 4132 inpositis
676 4073 843 4148 subrogatis.
857 4071 973 4146 canique
1022 4066 1130 4136 luisset,
1153 4066 1267 4124 sceleris
1280 4081 1352 4124 nora
1365 4067 1448 4124 aliurn
1464 4067 1524 4125 lieri
1542 4085 1620 4126 ιιιιι
1644 4074 1755 4129 omnino
1770 4090 1825 4132 non

170 4165 199 4222 id
209 4168 294 4239 fieret.
1022 4174 1116 4232 posse,
1132 4167 1160 4217 ιι
1173 4159 1334 4217 universalis
1346 4160 1476 4218 Ecclesiae
1489 4170 1590 4219 statum
1602 4163 1742 4222 Caeciliani
1759 4167 1823 4225 insi·

207 4261 272 4317 att.
287 4259 447 4333 Augurinus
460 4258 596 4330 episcopua
608 4257 734 4316 Ecclcsitc
746 4257 879 4314 remotiore
892 4256 969 4313 dixit.
1023 4251 1183 4316 mulatione,
1197 4250 1294 4324 dequo
1309 4251 1378 4309 nihil
1391 4252 1606 4324 reprehensibile
1618 4257 1707 4327 potuit
1725 4274 1826 4332 appro-

173 4353 289 4411 blundus
301 4367 384 4426 ergo,
399 4351 537 4409 nonenim
550 4352 629 4409 aliter
640 4361 669 4408 et
681 4351 759 4409 nobis
770 4350 858 4408 videri
871 4350 971 4424 potuit,
1024 4343 1096 4411 bari,
1108 4359 1162 4402 non
1171 4343 1272 4403 debere
1284 4345 1417 4412 subverti,
1431 4362 1482 4404 nec
1498 4348 1580 4405 etiam
1594 4363 1690 4408 eornm
1708 4352 1754 4424 oui
1768 4368 1825 4412 sca

171 4442 200 4500 lu
213 4445 369 4502 luminibus
382 4443 560 4516 intelligitur:
576 4459 631 4500 non
644 4444 737 4517 utique
749 4447 787 4501 lta
797 4443 873 4500 stulti
886 4444 972 4500 simus
1024 4450 1140 4509 corpore
1149 4435 1280 4495 Ecclesite
1292 4447 1455 4510 separarunt
1469 4440 1523 4496 iata
1537 4440 1669 4501 adversus
1678 4458 1740 4501 eum
1755 4463 1825 4520 prse-

173 4543 203 4592 ut
217 4536 321 4593 belluas
346 4536 428 4594 etiam
452 4544 479 4594 et
493 4550 671 4608 quecumque
695 4533 892 4591 irrationabilia
913 4533 971 4589 ani·
985 4530 1429 4603 Diudicarevaluissesententia,
1443 4533 1514 4591 sicut
1529 4550 1605 4592 neca
1621 4537 1827 4599 llarimianistis

175 4629 560 4701 montinadaalutem‚quam
581 4627 706 4685 Cirristns
720 4627 864 4700 promisit,
886 4628 971 4699 perli—
1022 4622 1124 4681 recenti
1151 4631 1275 4693 tempore
1301 4624 1328 4679 in
1351 4623 1492 4681 absentem
1518 4626 1684 4684 Primiaunm
1719 4630 1825 4700 prolata

173 4736 241 4779 nero
255 4722 385 4779 dicamus.
395 4721 513 4779 Prorsus
527 4721 580 4778 hoe
593 4719 709 4777 dicimus
722 4738 729 4776 ε
742 4719 859 4776 Mundus
869 4721 897 4774 in
916 4736 972 4774 ιιι-
1022 4712 1162 4774 damnatio
1172 4714 1261 4773 eidem
1274 4730 1374 4773 nocere
1387 4716 1546 4787 prevaluit?
1556 4716 1605 4774 Cui
1617 4718 1699 4775 etiam
1715 4720 1778 4777 illud
1789 4722 1824 4780 ad

173 4819 244 4889 liguo
258 4818 355 4890 positvm
370 4825 431 4872 est:
458 4815 582 4872 homines
602 4823 676 4871 sunt.
695 4812 730 4870 lit
749 4812 838 4869 credor
861 4809 972 4868 mundus
1023 4807 1205 4877 correptionis
1217 4823 1326 4865 causam
1343 4823 1397 4864 non
1411 4809 1483 4865 omni
1498 4824 1532 4866 er
1546 4819 1623 4881 parte
1646 4809 1764 4869 sulhciat
1786 4823 1827 4872 tot

172 4911 269 4982 prtiultt
284 4927 324 4967 ute
339 4910 451 4966 ntisisli:
475 4908 604 4965 homines
624 4916 700 4964 sunl.
715 4905 844 4961 Mundum
857 4903 973 4960 ιιιιιιί-
1022 4895 1133 4967 iudiciis
1142 4899 1275 4971 patefacta
1286 4901 1392 4957 Donato
1405 4912 1516 4958 auctore
1530 4902 1687 4960 schismatis
1700 4919 1827 4978 conlpre-

173 5005 241 5061 lionr
252 5002 451 5070 ribi3homines
463 5007 576 5071 suntget
589 5007 687 5057 cetera
698 5013 760 5070 qum
774 4997 802 5053 in
816 4996 889 5052 malo
900 4994 974 5052 dieta
1026 4989 1110 5058 balio,
1123 4990 1262 5048 Caeciliani
1273 4994 1420 5065 persolutio
1431 5003 1511 5065 atque
1523 4996 1657 5067 purgatio,
1675 4997 1825 5072 ultimaque

173 5105 254 5161 sunt,
273 5092 474 5164 botninesilli,
496 5092 621 5149 homines
649 5092 698 5147 illl.
720 5090 773 5146 l’er
794 5097 881 5145 tntum
898 5087 973 5144 eninr
1024 5084 1161 5140 sententia
1185 5084 1386 5155 triumphabilis
1403 5086 1543 5143 mensoria
1563 5086 1746 5159 Constantini,
1771 5108 1825 5164 qua

174 5184 305 5243 mucidum
320 5185 431 5253 utrinne
442 5224 451 5251 ,
464 5182 528 5238 maii
542 5183 619 5240 mitti
631 5181 722 5240 bonis.
736 5177 782 5237 Sic
793 5189 820 5236 et
837 5177 971 5245 Ecclesia,
1025 5174 1178 5231 evidentius
1190 5174 1304 5232 docetur
1317 5191 1450 5247 expressa
1472 5186 1500 5233 et
1512 5175 1650 5236 Caeciliani
1673 5182 1826 5239 innocentia

175 5293 256 5351 quam
267 5276 385 5335 couiessi
398 5276 564 5333 suntretinm
577 5275 861 5333 nomiuedeclurattm
873 5271 974 5328 habere
1025 5272 1056 5322 ιι
1075 5266 1174 5322 Donati
1188 5267 1378 5340 sociorumque
1397 5266 1457 5339 ejus
1471 5268 1638 5328 calumniosa
1657 5273 1824 5345 criminatio,
1890 5353 1896 5360 .

176 5370 281 5439 malos,
305 5347 353 5428 sed
366 5371 494 5428 dixerunt
504 5370 590 5428 latere
603 5378 776 5443 peccatores,
802 5373 910 5423 constat
917 5364 973 5435 iam
1026 5358 1126 5417 Felicis
1140 5375 1247 5432 quoque
1259 5362 1443 5432 aptugnensis
1455 5362 1621 5422 ordinatoris
1633 5366 1693 5436 eins
1705 5380 1825 5438 procon-

176 5464 250 5537 onod
264 5465 362 5523 habeat
371 5466 460 5525 honos
474 5474 502 5524 et
515 5465 613 5522 mulos.
634 5464 674 5519 lie
696 5460 806 5517 latendo
820 5470 850 5517 et
870 5458 905 5516 de
920 5473 974 5514 non
1026 5453 1126 5510 sularis
1135 5453 1279 5511 sententiae
1291 5454 1462 5510 docunnentis
1472 5464 1583 5515 nstettsa
1598 5457 1826 5531 purgatiinnde

174 5558 285 5617 latendo
304 5561 477 5632 quaestinest
503 5567 594 5617 utrum
609 5555 771 5629 pertinuerit
787 5553 821 5609 ad
846 5554 976 5625 pietatem
1027 5545 1052 5600 si
1077 5544 1136 5602 ltaec
1157 5554 1213 5601 tam
1237 5546 1379 5616 perspicua
1402 5555 1483 5619 atque
1507 5548 1650 5605 maniiesta
1673 5547 1827 5607 inveterato
1889 5625 1891 5628 ι

177 5651 311 5710 impsum
326 5653 408 5709 ,lgm
425 5652 513 5709 magog
538 5650 661 5721 cogamo,
685 5645 821 5714 rotense,
844 5659 880 5702 ιο
898 5642 977 5701 dees·
1028 5635 1133 5694 mederi
1158 5644 1298 5708 nequeunt
1317 5637 1424 5708 morbo,
1440 5640 1529 5710 putris
1542 5647 1584 5697 est
1604 5638 1726 5694 uulneris
1737 5640 1830 5699 sanies

176 5751 271 5803 terent
284 5743 382 5815 bonos,
392 5739 643 5818 anproptcrmalos
655 5746 741 5798 ιιιιιι
751 5734 979 5797 desererevoloe·
1028 5730 1219 5805 reprimenda3
1241 5741 1273 5790 ut
1285 5731 1410 5793 libertale
1432 5735 1574 5808 preclusa,
1590 5732 1643 5791 sibi
1659 5742 1763 5794 ιιιιιιι
1776 5753 1829 5797 ιι·

442 5836 583 5899 Parnon.
612 5831 671 5896 xi.
1606 5825 1648 5891 it
