4142 6175
265 261 320 324 dib
812 262 858 319 bit
877 258 1099 321 sandonibus
1117 260 1241 320 SANCTi
1259 258 1415 319 tenonis.
1855 254 1912 315 oid

264 385 297 441 dc
308 384 369 438 aliis
379 383 526 455 episcopis.
547 380 613 437 Nam
637 379 757 452 pluribus
772 379 799 435 in
815 380 882 435 iocis
896 379 969 451 degit
992 379 1064 434 indl-
1076 384 1104 445 Α
1116 379 1223 436 indiciae
1236 394 1336 436 mores.
1351 378 1379 435 Si
1402 390 1468 434 nero
1481 375 1583 433 indicia
1597 372 1763 431 Veronensis
1773 387 1825 429 non
1839 383 1913 441 erat,

263 481 316 544 cia,
337 488 368 534 ιιι
386 478 499 535 interius
517 476 678 532 ridebimus.
695 475 725 532 Si
747 486 836 530 autem
861 474 913 529 sibi
928 472 1061 528 subditam
1115 486 1203 542 ireque
1215 471 1262 541 qui
1276 485 1336 526 eam
1352 468 1541 526 berredictione
1562 468 1617 524 beo
1636 475 1791 523 sacraverat
1808 466 1915 523 Zenon

260 573 410 644 judicasset
432 570 564 641 siagrius,
580 584 660 641 quem
679 567 762 624 alium
776 565 962 638 injudicando
977 567 1061 621 coiic·
1113 560 1143 618 S.
1155 560 1433 616 Ambrosiolaudatas
1441 558 1607 616 Veronensis
1617 557 1752 629 putandus
1762 569 1817 612 est:
1832 557 1917 629 eique

262 648 322 741 gam
338 668 363 725 ei
383 666 477 724 inisset
490 680 559 737 opus
572 662 800 735 adiribereianm
816 662 851 718 de
863 660 996 732 imperitia
1014 675 1063 715 no-
1114 654 1143 710 S.
1169 654 1286 711 Zenonis
1306 655 1431 726 Episcopi
1452 653 1619 710 Veronensis
1641 665 1783 708 sermones
1808 651 1915 707 adscri-

264 773 320 816 tnre
342 760 475 830 siagrium
492 757 652 813 Ambrosius
665 756 759 819 rninit,
780 753 856 824 quasi
869 766 1009 809 assessore
1022 752 1064 806 iu·
1113 745 1194 803 bendi
1211 763 1264 802 non
1275 756 1349 803 sunt.

261 854 384 926 digerctl
407 850 585 907 Doctissimus
609 849 658 904 init
672 847 805 918 siagrius,
821 854 851 901 ut
865 843 993 916 Ugiieiins
1009 851 1063 898 tes·
1149 839 1237 907 Quare
1247 837 1410 896 Godelridus
1423 839 1450 895 in
1466 838 1524 894 Vita
1541 838 1570 895 S.
1582 836 1729 914 Ambrosii,
1746 835 1838 903 iibri,
1850 851 1913 909 cap.

262 956 344 1003 tatur.
373 943 522 1001 Dicendum
558 950 601 998 est
639 944 730 1010 ltaque
756 939 828 1013 quud
854 939 919 995 iicet
947 937 1063 992 Veronae
1088 916 1092 923 ¹
1113 933 1141 1001 8,
1165 931 1376 988 iranclndiciam
1392 931 1583 987 nuliaratinne
1608 930 1741 987 adductus
1756 930 1797 985 rei
1817 939 1917 987 aucto·

261 1040 437 1100 commissum
452 1046 576 1108 stuprum
586 1033 741 1097 diceretur,
763 1043 852 1089 tumen
866 1032 952 1103 virgo,
967 1040 997 1086 ut
1012 1046 1062 1102 pu·
1114 1028 1193 1083 ritate
1210 1026 1391 1083 veronensem
1407 1026 1486 1082 dixit.
1507 1023 1619 1082 Cautius
1632 1023 1825 1080 tillemontius
1845 1024 1915 1096 egit,

262 1138 370 1194 tabntur
380 1141 512 1204 stuprata,
527 1130 693 1186 Veronensis
706 1144 759 1183 non
770 1135 839 1192 erat,
854 1136 882 1182 et
894 1141 925 1182 ca
936 1124 969 1180 de
981 1138 1062 1180 causa
1113 1121 1160 1193 qui
1173 1136 1232 1178 earn
1254 1121 1440 1178 veronensem
1460 1134 1583 1176 asserere
1595 1134 1649 1175 non
1664 1126 1707 1174 est
1729 1132 1821 1173 ausus.
1847 1116 1918 1173 Car·

263 1231 347 1302 ipsius
365 1228 524 1296 episcopum
551 1238 612 1279 csse
634 1220 843 1287 considendum,
867 1228 897 1273 ut
915 1217 949 1274 de
962 1216 1063 1272 Indicia
1114 1215 1300 1285 tiraginenscm
1316 1215 1385 1270 iuste
1399 1214 1488 1284 potius
1501 1210 1644 1269 dicendam
1658 1223 1733 1284 putu.
1760 1211 1826 1267 Nam
1851 1228 1916 1267 cum

262 1323 375 1395 ejusque
387 1318 508 1375 moribus
518 1315 665 1373 baberetur
676 1311 833 1370 notitiaiix
844 1309 986 1382 quostiam
997 1323 1064 1364 cun·
1113 1309 1250 1366 dnrbrosd
1270 1311 1425 1366 testimonio
1450 1325 1510 1365 earn
1533 1308 1628 1366 Rornae
1652 1310 1725 1365 durni
1750 1325 1807 1366 snm
1829 1309 1918 1368 inisse

260 1413 363 1485 licitur,
386 1425 474 1481 neque
487 1407 716 1464 Mediolanensem
736 1403 820 1459 luisse
846 1401 986 1470 indiciam,
1000 1413 1062 1454 cum
1113 1409 1229 1469 constet,
1254 1411 1282 1457 et
1304 1402 1431 1458 Paulinus
1458 1402 1596 1459 Ambrosii
1623 1401 1690 1459 Vitae
1711 1404 1828 1474 scriptor
1846 1404 1918 1460 alias

262 1505 360 1578 ipses.
375 1503 534 1560 Ambrosius
546 1503 580 1555 ab
593 1500 653 1555 aliis
673 1498 796 1554 notitiam
814 1495 848 1552 de
867 1510 899 1551 ea
913 1492 1061 1564 quaesierit.
1113 1493 1180 1549 duas
1200 1493 1318 1565 virgines
1338 1495 1418 1551 simul
1439 1511 1500 1552 cum
1516 1510 1611 1552 sorore
1633 1495 1753 1568 ejusdem
1776 1499 1918 1556 Anthrosii

263 1597 413 1654 Proesertirn
427 1611 485 1651 enni
498 1595 546 1649 boc
552 1593 682 1668 jadicirnr
696 1599 812 1647 nostram
822 1604 881 1644 cant
893 1586 1016 1660 [ratribus
1039 1595 1064 1640 et
1114 1585 1294 1658 virginitatem
1308 1587 1513 1655 coluisscdicnt,
1526 1603 1594 1656 rpuas
1607 1589 1678 1644 inter
1688 1589 1816 1646 iudicium
1827 1589 1918 1648 luisse

263 1688 487 1747 consacerdotibus
513 1687 607 1742 nostris
621 1685 805 1758 participatam
825 1680 987 1753 processerit.
1002 1677 1064 1750 Epi·
1114 1679 1215 1749 optime
1228 1680 1334 1748 coniicit
1350 1679 1481 1735 aaronitas
1496 1681 1522 1734 in
1536 1680 1595 1736 Vita
1609 1683 1754 1738 ambrosii.
1769 1683 1836 1740 Alie
1855 1685 1918 1740 item

263 1798 361 1855 scopos
372 1789 462 1838 nutem
476 1781 559 1836 luisse
571 1792 653 1844 eos‚a
668 1776 766 1849 quibus
778 1773 919 1831 consilium
930 1770 1067 1842 exquisie-
1082 1774 1106 1835 B
1123 1769 1240 1842 Virgines
1250 1787 1277 1826 sc
1287 1772 1327 1826 iili
1335 1773 1491 1843 junxerant,
1511 1774 1577 1828 inter
1589 1790 1651 1843 qaas
1665 1775 1714 1845 {air
1728 1773 1842 1831 Indicia.
1860 1777 1918 1833 iia·

265 1878 312 1942 rit,
323 1878 438 1947 ipsemet
448 1873 516 1930 dicit
536 1872 562 1927 in
576 1869 629 1926 bne
639 1868 772 1940 epistolae.
784 1864 913 1937 Dieipso,
924 1864 970 1934 qai
981 1862 1065 1930 dictas
1117 1880 1176 1921 rum
1192 1880 1256 1920 nero
1271 1867 1396 1929 niteram,
1409 1867 1473 1920 durn
1489 1867 1617 1923 Paulinus
1631 1868 1774 1933 scriberet,
1797 1867 1918 1926 Cartba-

265 1976 321 2024 erat
335 1966 483 2040 cognitioni,
496 1964 678 2020 subtraxerunt
691 1977 719 2015 se
732 1960 911 2030 episcoporum
921 1956 1064 2012 concentui.
1117 1958 1178 2029 gine
1190 1958 1340 2015 coniectans
1357 1969 1436 2015 atate
1449 1959 1548 2032 degere
1571 1961 1684 2031 ipsemet
1699 1969 1813 2017 restatm
1828 1981 1835 2018 :
1857 1978 1919 2018 eam

265 2057 343 2126 Quod
364 2066 454 2114 autem
480 2054 572 2111 subdit
599 2053 633 2109 dc
653 2051 841 2108 benedictione
860 2059 889 2106 et
908 2048 1067 2121 probatione
1117 2051 1357 2121 Carthaginensem
1382 2062 1481 2123 prrtnre,
1496 2051 1606 2108 minime
1627 2051 1736 2125 quidem
1759 2068 1775 2108 a
1802 2054 1921 2111 scritate

265 2150 394 2214 Zenonis,
412 2148 435 2204 si
457 2146 574 2204 Veronae
597 2146 709 2216 probata
733 2152 761 2199 et
781 2142 947 2198 sanctiticata
971 2139 1067 2197 luisset
1117 2145 1235 2200 alienum
1250 2145 1334 2199 rideri
1346 2155 1445 2214 potest.
1461 2145 1524 2201 iircc
1539 2157 1601 2201 snnt
1614 2146 1719 2201 Paulini
1730 2146 1824 2203 rerba.
1839 2146 1922 2203 Post-

266 2243 376 2309 lndicia,
391 2253 465 2299 certe
483 2241 536 2298 boc
554 2256 607 2297 non
623 2239 776 2295 reticuisset
790 2235 969 2300 ilrnbrosius·,
981 2249 1067 2306 quare
1117 2256 1149 2296 ea
1167 2256 1225 2296 aero
1246 2257 1302 2295 cam
1316 2242 1476 2308 adateairset,
1493 2253 1522 2298 ct
1540 2251 1604 2298 esset
1617 2241 1799 2316 (Ambrosius)
1814 2246 1841 2300 in
1859 2245 1922 2301 arie

265 2336 373 2393 ridetur
385 2334 456 2391 hanc
465 2333 571 2406 Siagrio
581 2331 731 2403 prebuisse
743 2338 887 2387 externam
899 2328 1020 2385 notitiam
1031 2327 1066 2382 ad
1118 2332 1202 2388 Ranra
1223 2334 1376 2390 constitutus
1400 2351 1459 2388 carn
1478 2344 1558 2389 matre
1578 2335 1667 2399 aidan,
1690 2346 1718 2392 et
1739 2352 1837 2404 serare,
1864 2352 1923 2408 que

265 2427 381 2499 culpane
392 2425 511 2496 Virginis
524 2424 721 2482 defensionem.
735 2422 867 2479 iiocrero
883 2428 987 2475 mittum
1000 2417 1067 2474 dien
1122 2422 1300 2496 Virginitatem
1309 2430 1368 2501 jam
1387 2427 1471 2496 sinerer
1492 2429 1609 2499 professa
1623 2428 1780 2483 corniteaiia
1802 2428 1921 2501 Virgine,

265 2521 394 2578 indiciam
408 2519 524 2578 Veronae
543 2518 628 2575 inisse
652 2528 774 2587 tempore
788 2515 905 2587 suspecti
922 2523 1024 2585 parius,
1040 2522 1068 2569 et
1118 2519 1192 2590 enias
1210 2513 1323 2590 Virginis
1344 2517 1558 2584 sororCandide,
1579 2519 1801 2590 etipsaejardem
1815 2525 1883 2593 pros
1913 2549 1922 2560 ·

265 2617 367 2689 opinati
378 2616 476 2687 stupri.
493 2613 617 2670 Hiscere
637 2628 695 2667 caat
710 2610 792 2666 editas
807 2620 908 2678 pmice,
923 2619 948 2663 et
961 2607 1067 2678 esposi-
1117 2612 1209 2676 siorris,
1224 2626 1282 2682 aare
1296 2627 1364 2666 rarrnc
1376 2609 1531 2684 Cartbagine
1541 2613 1609 2684 degit
1618 2614 1676 2684 jam
1690 2613 1870 2670 anacFatem
1883 2624 1924 2670 tn-

266 2719 322 2775 tas,
340 2709 379 2764 oei
393 2716 499 2764 necatas
516 2706 589 2779 (dam
610 2704 713 2760 incidire
731 2702 902 2775 magnaram
923 2698 1067 2770 meleduni
1118 2716 1179 2757 men
1193 2716 1226 2756 ex
1241 2702 1331 2758 verbis
1352 2702 1452 2771 allatis,
1479 2718 1532 2759 non
1553 2704 1620 2760 satis
1644 2710 1771 2762 constare
1792 2722 1827 2761 an
1848 2709 1924 2763 Can·

263 2801 418 2872 cnrsaiitar)
431 2799 569 2872 dissipatus
583 2799 617 2853 sit
631 2813 677 2868 per
690 2812 765 2851 nares
784 2795 973 2861 uniuersorum,
985 2803 1067 2848 saraa·
1117 2796 1192 2863 dida,
1212 2796 1255 2853 rel
1270 2797 1329 2868 ejus
1352 2812 1441 2865 soror,
1456 2797 1618 2869 Cartbagine
1631 2798 1715 2856 luisse
1735 2801 1841 2857 dicatur
1863 2820 1871 2856 :
1897 2813 1926 2859 at

264 2894 352 2966 palata
363 2903 401 2948 est
415 2892 518 2948 libertas
530 2890 728 2945 calaniaiaranr.
744 2888 776 2945 Si
789 2887 887 2960 peperit
907 2901 997 2957 nempe
1015 2876 1067 2939 Ve-
1117 2905 1178 2946 cnm
1192 2905 1300 2946 sorores
1310 2906 1358 2947 cns
1370 2891 1452 2948 luisse
1466 2891 1584 2947 albrinet
1596 2892 1734 2960 Paulinus,
1745 2909 1922 2951 cnmrnnnern

263 3000 335 3039 ranoe
349 2984 409 3056 [ait.
429 2981 563 3037 Visebatrrr
578 2985 757 3054 [regnantes
781 2978 920 3051 virginitas
934 2989 958 3033 et
974 2976 1065 3031 malie·
1118 2983 1259 3038 amborum
1275 2984 1387 3053 patriam
1413 2992 1507 3053 pittace
1532 2984 1614 3041 tutius
1636 2984 1752 3040 ridetur.
1768 2985 1865 3056 Neque
1888 2987 1923 3043 sb

263 3078 347 3144 ribus,
359 3078 387 3134 in
402 3079 498 3132 bonore
515 3093 615 3148 semper
627 3083 693 3131 erat.
710 3073 875 3130 Visebatara
893 3071 1067 3130 sacedotibns
1119 3074 1169 3130 bac
1179 3091 1222 3131 mc
1238 3086 1358 3131 cerneret
1370 3076 1508 3146 opinione,
1523 3076 1594 3148 qirod
1610 3076 1709 3134 indicia
1724 3093 1846 3135 sororem
1865 3098 1925 3136 rita·

263 3182 369 3244 propter
379 3170 511 3245 padicitiae
525 3170 701 3238 cernentium,
726 3177 751 3223 et
770 3169 902 3242 grauitatis
921 3167 1063 3241 ameriam.
1079 3157 1101 3221 C
1118 3169 1375 3239 trimoniojunetam
1393 3167 1507 3223 Veronae
1529 3168 1665 3234 babuerit,
1686 3185 1748 3227 curn
1767 3182 1792 3226 et
1810 3174 1922 3227 tertiam

265 3261 400 3331 Quomodo
409 3277 470 3333 ergo
483 3262 566 3332 potnit
576 3261 691 3320 orerirre
703 3260 811 3325 crimen,
822 3258 891 3328 paud
900 3257 972 3314 senet
981 3258 1067 3330 speria
1117 3275 1239 3317 sororem
1260 3260 1360 3316 babere
1373 3262 1500 3330 nutrierit,
1522 3271 1551 3318 et
1572 3263 1643 3319 inter
1656 3273 1765 3320 exterus
1778 3279 1832 3320 non
1858 3281 1923 3322 raro

263 3356 304 3410 rui
318 3355 456 3426 proderet?
470 3354 605 3424 Quomodo
619 3353 681 3409 tecit
691 3352 812 3408 caeram?
827 3351 963 3417 Quomodo
976 3359 1066 3421 parta·
1117 3355 1291 3410 matrimonia
1303 3354 1468 3425 jungantur:
1488 3370 1576 3427 neque
1589 3355 1658 3412 iiiud
1671 3356 1741 3426 quud
1759 3357 1923 3416 Ambrosius

263 3452 331 3506 riens
345 3466 431 3505 nocem
445 3451 587 3521 repressit?
603 3449 656 3507 Sed
667 3451 715 3504 iioc
728 3465 779 3504 non
792 3450 888 3519 paritor
900 3448 984 3503 dolor.
997 3448 1064 3503 curn
1116 3446 1200 3512 addit,
1218 3446 1462 3503 scilicetlndiciam
1476 3446 1570 3503 nomae
1583 3448 1642 3519 ipso
1654 3449 1766 3505 absente
1775 3447 1848 3505 dorni
1863 3468 1922 3508 suar

262 3558 329 3599 veru
343 3543 423 3599 nitius
435 3543 537 3613 repetit
549 3542 584 3597 dc
598 3542 805 3600 conversatione
818 3540 935 3606 indiciae,
947 3555 1000 3596 non
1014 3541 1066 3598 Ve·
1116 3538 1209 3596 inisse.
1228 3538 1364 3593 delirasse
1374 3555 1431 3593 earn
1445 3539 1536 3594 Ronroe
1550 3540 1578 3594 in
1592 3540 1669 3595 domo
1681 3550 1770 3596 nostru
1784 3541 1860 3597 nolis
1875 3543 1922 3598 ai-

264 3648 398 3693 ronenses
422 3632 534 3690 adhibet
558 3643 641 3689 testes
668 3633 840 3700 Ambrosius,
868 3634 916 3690 sed
941 3648 1063 3690 sororem
1115 3631 1239 3688 rentibus.
1254 3632 1410 3688 Absentiam
1424 3648 1541 3703 namque
1556 3649 1632 3689 suam
1647 3633 1784 3691 indicasse
1805 3635 1921 3692 ambro

263 3742 353 3794 suam,
370 3727 472 3784 ibidem
494 3725 778 3783 aidrmanslndiciaur
801 3726 894 3781 Romae
915 3724 1063 3784 habitasse.
1115 3726 1185 3781 sium
1205 3742 1237 3782 ea
1257 3727 1364 3783 ratione
1378 3725 1525 3798 piriaudum
1548 3735 1600 3793 est,
1622 3742 1656 3782 ne
1670 3725 1794 3783 videntur
1815 3727 1921 3786 indicia

265 3818 402 3875 dubitasse
414 3834 471 3875 earn
485 3816 576 3874 Romae
588 3817 616 3872 irr
628 3816 705 3872 domo
719 3826 807 3872 nostra
820 3817 892 3873 nobis
905 3818 1062 3886 adsentiens,
1115 3827 1226 3889 propter
1241 3819 1375 3873 Ambrosii
1399 3818 1569 3890 praeentiam
1591 3819 1731 3883 virtutem,
1750 3820 1920 3877 castitatem·

262 3911 330 3968 anili
343 3927 400 3966 earn
412 3927 440 3966 se
453 3912 569 3966 airoranr
579 3909 754 3982 familiaritati
764 3909 873 3966 dedisse.
889 3909 976 3965 Aliam
987 3909 1064 3966 adbi-
1114 3927 1167 3982 que
1181 3912 1300 3968 coluisse
1313 3929 1320 3966 :
1345 3928 1398 3968 non
1420 3926 1486 3968 reso
1498 3911 1666 3968 credendum
1678 3923 1721 3967 est
1742 3912 1806 3970 dum
1826 3914 1920 3972 adbuc

262 4003 310 4060 bet
331 4012 440 4070 testem,
466 4017 548 4074 quam
570 4001 653 4057 liliam
671 4010 760 4066 sucat,
777 4000 845 4056 torto
859 4001 921 4072 qrrin
936 4000 1064 4057 lledioia·
1114 4003 1273 4061 adolescens
1288 4004 1379 4061 noma
1400 4004 1449 4059 luit
1465 4004 1627 4074 durbrosius
1642 4004 1668 4060 in
1693 4006 1754 4078 ejus
1773 4006 1867 4075 domo,
1883 4023 1918 4065 eo

263 4095 355 4151 nensis
378 4102 448 4163 erat,
464 4093 579 4164 ideoque
598 4092 779 4150 sibisubdita.
805 4092 944 4149 Paternarn
964 4109 1064 4164 proque
1114 4098 1195 4154 etiam
1210 4109 1344 4170 prasente
1366 4112 1420 4154 non
1444 4097 1600 4155 liabitassa:
1623 4113 1685 4155 rum
1709 4099 1816 4155 Paulini
1839 4102 1919 4157 testi·

261 4186 343 4258 lilium
364 4196 479 4244 nostram
495 4187 658 4259 interrogari.
684 4187 733 4243 bin
754 4197 844 4244 autern
864 4188 959 4244 Romae
979 4188 1063 4245 inisse
1114 4190 1205 4246 munio
1215 4199 1322 4248 constet
1335 4189 1403 4247 alias
1423 4190 1541 4260 virgines
1562 4204 1597 4247 eo
1622 4203 1744 4261 tempore
1766 4206 1828 4247 curn
1844 4191 1918 4249 liar·

261 4278 410 4351 putandum
431 4290 485 4346 est,
512 4279 587 4349 parri
610 4278 683 4335 enirn
707 4281 836 4350 temporis
851 4295 926 4335 mora
950 4279 983 4336 ad
1000 4280 1062 4336 rire
1113 4281 1210 4338 celiina
1226 4282 1362 4339 Ambrosii
1375 4281 1575 4339 sororebrisse.

261 4386 352 4429 mores
366 4370 561 4427 discernendos
575 4370 642 4427 satis
665 4385 794 4427 essenon
810 4379 926 4442 poterat.
944 4371 976 4427 Et
992 4370 1062 4428 banc
1148 4375 1271 4434 Graniori
1296 4380 1377 4435 etiam
1391 4393 1484 4436 errore
1502 4378 1628 4435 labuntur
1643 4380 1773 4451 Papinius
1785 4393 1810 4436 ct
1828 4381 1916 4439 Ville-

260 4463 354 4518 Roma
369 4475 547 4519 moramente
560 4461 755 4534 Episcopatum
770 4462 800 4520 S.
814 4463 949 4520 drnbrosii
962 4462 1061 4521 iecisse
1114 4470 1241 4546 montius,
1265 4470 1311 4542 qui
1335 4474 1440 4542 penitus
1462 4472 1608 4528 divinando
1629 4472 1766 4531 hannem
1790 4485 1915 4544 tempore

159 4593 164 4596 -
257 4553 402 4625 eorijicitur
424 4570 458 4610 ex
475 4554 592 4634 eobqirod
606 4554 663 4624 ipse
679 4555 750 4610 dicat
773 4553 846 4609 nobis
860 4553 1016 4611 absentibus.
1032 4554 1060 4611 Si
1075 4542 1228 4619 DGatiteni
1244 4564 1367 4620 extitisse
1380 4574 1490 4636 negant.
1506 4564 1534 4621 id
1546 4579 1661 4637 riarrrrpnc
1671 4575 1775 4624 certum
1788 4569 1914 4626 redditur

257 4646 329 4702 0⁰³¹ss
342 4644 385 4702 ⁸¹¹5
400 4644 579 4717 EP58‘20Paius
589 4651 713 4715 ῑθῑῐψθΐθ
728 4644 823 4700 limiti}
836 4645 932 4701 fuiss&
947 4645 1059 4714 indicii.-
1113 4668 1147 4709 ert
1157 4654 1306 4713 Veronensi
1330 4657 1442 4713 historia
1454 4668 1481 4714 et
1494 4659 1639 4717 traditione
1653 4677 1705 4718 non
1716 4663 1806 4729 inodo,
1818 4664 1867 4718 scd
1878 4680 1912 4720 ex

256 4746 422 4817 superfluum
442 4744 580 4801 rideretur
604 4745 691 4816 ipsum
717 4757 793 4798 suam
816 4745 885 4799 itane
907 4742 1060 4799 absentiam
1112 4747 1196 4803 reteri
1213 4763 1264 4803 ms.
1281 4750 1352 4820 guod
1365 4748 1450 4806 reiert
1465 4752 1636 4811 iiabillonius
1650 4756 1707 4813 suis
1719 4757 1747 4814 in
1762 4758 1910 4832 dialectis,

257 4837 401 4910 indicasse.
416 4836 453 4895 tir
465 4851 532 4892 vero
544 4844 627 4892 totam
651 4835 759 4891 indiciae
772 4835 853 4890 viarm
876 4834 991 4892 liaberet
1017 4837 1060 4892 in·
1112 4839 1138 4893 in
1154 4856 1208 4911 quo
1223 4840 1253 4897 S.
1267 4841 1341 4899 Zeno
1355 4844 1498 4917 episcopus
1512 4847 1676 4909 Veronensis
1691 4855 1800 4924 ponitur
1813 4873 1912 4914 ocraro

259 4931 500 5002 spectamabejus
515 4929 621 4985 nutrice
636 4929 819 4985 testimonium
835 4930 942 4999 qaaerit.
958 4928 1053 4984 Natri-
1106 4930 1178 4998 ioco,
1192 4932 1263 5001 quod
1279 4944 1307 4990 et
1319 4950 1415 4994 omnes
1433 4938 1579 4997 affirmant.
1600 4943 1719 5003 &larus
1740 4960 1830 5005 autem
1850 4955 1911 5022 epi·

255 5037 309 5079 cerr
323 5037 422 5092 propre
443 5019 529 5076 liberae
549 5019 704 5076 conditionis
720 5021 943 5094 interrogavimus,
968 5021 1009 5077 cni
1031 5033 1055 5078 et
1106 5038 1205 5096 scopus
1219 5025 1383 5094 Veronensis
1396 5033 1599 5105 temporibusS.
1609 5041 1745 5099 ambrosii
1757 5049 1845 5117 aptari
1859 5052 1910 5106 rni-

253 5123 335 5170 statas
348 5112 420 5167 daed
439 5128 568 5184 gangram
589 5112 708 5186 degeneri
730 5113 832 5168 servitio
843 5115 969 5170 obnoxias
979 5115 1056 5171 liber·
1107 5116 1180 5172 ninre
1191 5126 1296 5187 porcam
1309 5120 1437 5194 ughellus
1449 5127 1531 5196 enim,
1548 5132 1593 5200 qni
1613 5135 1760 5193 meandum
1772 5139 1907 5199 zenonem

254 5215 331 5261 tatem
345 5221 404 5259 aera
430 5203 530 5274 fatendi
539 5204 624 5274 daret,
641 5216 664 5260 et
677 5205 752 5275 tides,
768 5215 843 5278 areae
854 5217 917 5262 etas
935 5209 970 5263 ad
989 5210 1055 5264 ueri-
1107 5209 1178 5264 inter
1193 5209 1364 5270 Veronenses
1380 5218 1523 5290 episcopus
1539 5234 1672 5292 numerat,
1686 5228 1793 5288 decimo
1813 5246 1910 5292 octavo

252 5307 330 5353 ratem
354 5295 567 5365 adatpntarerar,
590 5307 618 5353 et
643 5298 761 5371 officiam
778 5300 884 5357 natricis
907 5300 943 5355 ad
967 5303 1056 5375 cogni·
1107 5302 1257 5361 loeoiiium
1281 5306 1362 5373 locat,
1379 5311 1453 5366 nnila
1469 5321 1560 5371 maren
1580 5320 1742 5378 auctoritate
1761 5324 1905 5395 subnixus,

251 5392 346 5446 tionem
358 5390 463 5445 secreti.
480 5385 548 5444 Cain
569 5388 660 5460 itaque
679 5390 708 5447 S.
724 5392 883 5449 ambrosius
900 5407 952 5448 non
969 5392 1055 5450 Vero·
1107 5392 1159 5449 nisi
1174 5396 1322 5464 Ambrosii,
1337 5416 1371 5457 er
1391 5416 1443 5472 qna
1465 5393 1520 5461 lroc'
1538 5407 1668 5466 ailirmari
1689 5429 1742 5470 non
1763 5431 1844 5486 posse
1857 5420 1902 5476 de·

251 5483 379 5541 nensibus
395 5480 590 5549 tesdbmritre,
604 5490 633 5537 et
643 5482 857 5538 conversationis
867 5481 979 5538 lndiciae
992 5499 1054 5553 pro·
1108 5491 1331 5557 nronstrarimus;
1347 5504 1374 5547 et
1389 5493 1508 5564 baronii,
1522 5502 1568 5570 qui
1592 5516 1607 5555 a
1626 5518 1675 5560 stra
1701 5510 1836 5566 sententia
1856 5513 1905 5568 de.

251 5577 299 5636 bet
309 5573 502 5642 innocentiam,
514 5573 608 5644 utique
620 5572 764 5630 dicendum
777 5584 830 5641 c-t,
840 5589 900 5631 eam
915 5574 1054 5633 Veroncn·
1107 5579 1195 5636 scirit.
1208 5581 1314 5640 Erravit
1328 5600 1444 5657 namque
1458 5588 1670 5663 Papeliroclrius,
1690 5600 1737 5669 qui
1752 5605 1903 5658 successio·

251 5687 309 5728 scm
324 5685 378 5726 non
392 5668 485 5725 irrisae.
508 5668 652 5740 Perperarn
666 5668 739 5724 eninr
763 5675 871 5724 exteros
899 5677 983 5726 testes
1011 5671 1052 5727 in·
1107 5686 1167 5726 nem
1183 5674 1308 5729 undecim
1322 5678 1472 5744 primorum
1496 5683 1688 5756 episcoporum
1705 5689 1902 5751 Veronanslum

252 5763 373 5822 duxisset
397 5760 565 5831 arnbrostus,
593 5759 695 5836 quibus
715 5758 772 5816 nuti
786 5774 847 5819 csse
861 5777 915 5822 non
928 5771 1052 5836 poterant
1105 5764 1235 5824 incertam
1247 5768 1423 5843 eristinrarit,
1439 5789 1500 5830 earn
1512 5792 1545 5833 ea
1557 5793 1590 5836 cs
1604 5795 1656 5837 ms.
1668 5781 1815 5844 liabiilonii
1827 5798 1902 5845 certa
1958 5823 1961 5832 .
