4142 6175
269 246 320 303 sis

962 239 1229 299 Pnousuottrcnn.

268 354 405 428 pontifice,
417 361 464 409 aut
473 353 569 409 saltem
580 351 654 408 olritu
663 353 734 423 ejus,
745 352 790 423 qui
802 353 896 410 incidit
908 332 933 408 in
945 353 1016 411 diem
1027 354 1064 409 ιι
1078 357 1105 417 Α
1116 356 1246 413 satisfecit
1256 366 1281 414 et
1290 356 1388 414 librum
1397 371 1451 428 quo
1458 356 1606 427 respondet
1617 357 1745 414 errrnulent
1755 357 1863 415 titulum
1871 358 1921 414 ira·

162 470 168 477 ·
267 447 369 519 Aprilis
386 447 447 501 anni
468 443 524 499 los
542 443 660 499 trundum
681 457 839 514 comperto,
862 446 958 516 inqua
980 445 1065 503 terim

265 540 369 611 singula
393 538 515 593 Petiliani
542 536 627 593 relert
648 547 676 592 ct
698 551 775 593 suun
798 538 832 594 iis
857 539 1065 608 responsionem

267 633 387 703 subjicit.
404 631 457 688 Sed
474 632 549 702 prius
564 632 589 686 id
605 630 677 702 qtroel
693 632 842 702 scripserat
856 633 988 688 aduersus
1005 648 1065 703 ptar-

266 736 319 783 tem
332 725 465 797 epistole,
482 725 606 796 peruenit
618 726 650 779 ad
664 724 827 781 Petilianour
841 727 885 794 aui
899 725 1066 797 respondere

265 830 380 875 conatus
390 825 443 884 est,
461 819 505 875 cni
520 816 693 889 responsioni
707 818 816 875 tertinnr
829 818 927 875 librum
939 820 1066 892 opposuit

265 911 444 983 Augustinus.

300 1005 378 1060 Liber
391 1004 423 1058 de
435 1004 531 1059 unitate
545 1004 676 1061 ιιιιιιιιι.
689 1035 726 1046 -
740 1007 891 1078 Antequam
906 1006 977 1063 edita
992 1015 1066 1063 essct

263 1101 314 1155 ista
325 1099 468 1170 responsio
480 1096 620 1168 epistolam
634 1101 668 1155 ad
678 1100 833 1157 catholicos
846 1100 1066 1172 qrriunigola'laer

264 1193 296 1247 de
317 1192 420 1248 ilaritate
445 1191 569 1247 Ecclesiae
596 1191 712 1261 dicitur,
734 1194 930 1265 conscripsisse
947 1193 1063 1250 uidetur.

264 1283 331 1340 Nam
344 1285 422 1355 liujus
436 1285 513 1341 initio
526 1287 648 1342 meminit
663 1286 778 1343 duorum
797 1289 917 1356 priorum
934 1288 1064 1345 librorum

263 1381 290 1436 in
305 1380 482 1448 Petiiinnum,
499 1396 552 1436 non
568 1382 651 1438 tertii.

298 1472 371 1528 Aila-i
383 1483 471 1529 contro
486 1473 897 1533 cresconium-Grammaticus
907 1478 990 1533 etiarn
1004 1477 1064 1549 otri·

264 1565 326 1621 darn
353 1567 490 1623 Donatista
514 1568 677 1625 Cresconius
699 1585 760 1625 cum
788 1572 1063 1642 iuvenissetprinruut

262 1661 405 1731 Augustini
416 1662 514 1717 librum
529 1662 556 1717 in
567 1663 737 1730 Petilianmn,
745 1668 845 1735 putarit
858 1666 882 1722 ei
891 1664 1064 1735 responden·

1117 449 1183 505 lacre
1197 450 1280 505 uoluit
1295 449 1334 505 De
1348 450 1427 505 unico
1438 450 1578 523 rupinus.
1596 452 1645 507 liic
1662 452 1731 508 liber
1744 464 1845 509 exstat.

1152 540 1211 597 Nou
1225 551 1316 598 exstat
1335 544 1405 598 alins
1419 543 1533 614 grandis
1549 544 1616 601 liber
1628 540 1725 600 contra
1743 545 1918 612 Donatista,

1116 633 1144 688 in
1157 647 1210 704 quta
1222 633 1382 690 ostendebat
1397 648 1492 690 coruru
1507 635 1639 692 aduersus
1651 636 1805 693 Ecclesiam
1817 636 1919 694 catho-

1117 726 1195 781 licam
1219 727 1331 797 irupimn
1351 741 1384 783 ac
1403 729 1630 798 superbissimum
1644 746 1765 787 errorent
1782 733 1841 788 sola
1857 732 1920 788 lun·
2017 736 2021 741 '

1116 820 1189 876 ditus
1204 820 1465 879 maximianistarum
1481 840 1563 880 causa
1576 827 1708 883 subuerti.

1151 912 1279 969 Cotiroliei
1292 914 1441 971 donatistas
1451 916 1486 971 nd
1495 917 1659 973 collationem
1668 919 1789 975 inritant.
1801 951 1837 963 -
1848 921 1919 979 Dum

1118 1006 1177 1062 trac
1194 1008 1319 1075 priuatim
1342 1009 1369 1064 in
1384 1009 1537 1064 Donatistis
1556 1009 1667 1066 rnolitnr
1681 1012 1867 1083 Augustinus,
1890 1013 1918 1070 id

1116 1098 1232 1171 agebant
1245 1099 1365 1157 Alricani
1379 1103 1499 1174 episcopi
1512 1113 1542 1159 ut
1554 1105 1710 1162 donatistas
1723 1108 1820 1177 quovis
1834 1110 1919 1166 ntodo

1116 1192 1150 1247 ad
1162 1192 1338 1249 collationem
1352 1193 1536 1265 adducerent,
1552 1198 1604 1253 rati
1618 1198 1690 1254 nulla
1705 1198 1813 1255 alianis
1827 1202 1920 1258 sciris·

1116 1284 1232 1341 maticos
1244 1286 1473 1343 autreconciliari
1483 1298 1530 1343 ant
1543 1291 1667 1361 superari
1682 1305 1774 1362 posse.
1789 1293 1873 1365 lgitur
1888 1295 1917 1350 in

1116 1378 1233 1435 concilio
1247 1379 1369 1449 generali
1389 1381 1579 1452 episcoporum
1598 1383 1697 1441 Aia-icas
1710 1399 1782 1441 anno
1791 1385 1857 1457 ius,
1869 1387 1918 1445 die

1116 1471 1152 1528 25
1172 1474 1297 1544 Augusti,
1319 1474 1474 1546 cartilagini
1499 1475 1595 1532 habito
1603 1476 1741 1535 decretum
1759 1488 1812 1545 est,
1823 1490 1853 1536 ut
1870 1494 1920 1536 so-

1116 1568 1199 1624 lemni
1220 1568 1403 1624 instrumento
1418 1579 1631 1639 provocarentur
1647 1572 1794 1628 Dorratistae
1813 1574 1846 1627 ad
1857 1574 1920 1629 ool·

1116 1661 1245 1717 lationem
1260 1661 1413 1717 ιιιιιιιιιιιιιι
1428 1662 1500 1717 inter
1514 1661 1638 1718 deiectos
1651 1678 1686 1719 cx
1704 1674 1819 1735 utraque
1838 1673 1919 1735 parte

262 1752 373 1817 dannot
384 1756 670 1823 responsioncmsuam
681 1756 714 1811 ad
725 1757 1003 1827 Augustinummisit.
1013 1754 1062 1812 Cui
1078 1743 1102 1803 Β
1115 1753 1267 1824 episcopos.
1283 1753 1372 1811 Simul
1386 1769 1402 1809 a
1416 1753 1578 1824 Septiminio
1589 1755 1727 1826 petierunt
1744 1768 1771 1813 et
1790 1757 1918 1813 obtinus-

263 1847 340 1914 operi
353 1845 430 1900 libris
445 1855 562 1916 quattuor
576 1847 622 1903 ille
636 1847 793 1918 respondit,
807 1849 842 1903 itu
857 1864 922 1904 saue
938 1857 967 1902 ut
978 1847 1064 1903 tribus

262 1940 478 2010 perageretquod
486 1940 610 1996 uniuersa
621 1941 764 2010 responsio
776 1941 922 2011 llagitalrat.
935 1941 987 1996 Sed
999 1956 1061 1997 curn

262 2031 366 2087 uideret
379 2031 414 2087 de
428 2031 745 2088 solailaximianeusium
760 2032 1062 2103 cattsaqnasuossciris·

262 2123 376 2178 uratieos
391 2121 587 2177 damnauerunt
603 2134 629 2178 et
643 2138 737 2179 eornm
750 2122 1062 2194 aliquosrnrsuminsuis

260 2216 1062 2289 lionoriiusreceperum,baptismumqueahciscstracom·

259 2311 416 2368 munionem
432 2328 512 2368 suam
524 2313 615 2367 datum
628 2328 681 2367 non
693 2315 887 2382 repetiverunt,
900 2314 1060 2383 responderi

260 2421 340 2475 posse
350 2406 384 2462 ad
394 2418 490 2462 cuncta
499 2407 821 2479 conscripsinquartmn
833 2407 931 2463 ιιιιιιιιιι
943 2407 1057 2478 adjecit,

258 2497 284 2551 in
299 2515 353 2569 quo
367 2498 392 2554 id
399 2499 805 2572 quantumpotuitdiligentcret
814 2500 954 2557 euidenter
964 2511 1058 2556 osten-

257 2592 308 2647 dit.
327 2593 442 2661 Qtrando
460 2602 549 2648 autem
570 2593 620 2648 lros
633 2603 749 2665 quatuor
764 2593 847 2648 libros
868 2592 989 2663 scripsit,
1001 2592 1057 2664 jorn

256 2693 350 2739 eontra
364 2685 519 2739 Donatistas
534 2685 606 2756 leges
620 2684 733 2740 dederat
745 2684 881 2740 llnuorius
894 2683 1055 2754 imperatur.

256 2774 296 2830 lta
311 2777 477 2847 Augustinus
492 2778 550 2847 ipse
563 2778 597 2831 de
612 2780 663 2830 lroc
677 2791 760 2846 opero
775 2775 802 2831 in
821 2776 869 2830 tm.
882 2792 902 2831 ιι
917 2772 1057 2832 itomana-

258 2868 373 2934 tionum,
391 2885 424 2925 ex
436 2869 534 2940 quibus
550 2868 726 2939 intelligimus
739 2869 869 2937 seriptum
881 2876 944 2939 post
953 2883 1055 2924 nuruum

256 2962 320 3029 los,
336 2977 397 3018 curn
412 2963 484 3033 leges
498 2961 611 3017 Hortarii
627 2962 661 3017 dc
677 2963 775 3033 quibus
791 2961 910 3032 loquitur
920 2961 990 3017 datse
1001 2960 1056 3018 sint

256 3069 328 3111 antro
341 3055 406 3116 lus.

1115 1854 1178 1901 runt
1202 1856 1259 1901 turn
1279 1848 1458 1903 conveniendi
1482 1848 1657 1923 donatistas,
1681 1858 1738 1904 tunr
1759 1848 1917 1919 inaurirendi

1114 1938 1149 1996 de
1176 1940 1260 2010 gestis
1289 1941 1315 1995 in
1344 1955 1424 1996 causa
1460 1933 1733 1997 maximianistarum.
1765 1942 1917 1999 douiatistae

1115 2047 1237 2103 prnsus
1260 2047 1337 2089 nrore
1356 2033 1533 2089 nuntiationem
1559 2040 1729 2088 recusarunt.
1751 2030 1828 2087 Tunc
1855 2033 1918 2102 epi-

1113 2124 1210 2181 stolam
1238 2125 1450 2196 laicisejttsdenr
1476 2136 1557 2183 sectae
1583 2127 1692 2195 scripsit
1719 2127 1914 2198 Augustinus,

1112 2228 1142 2274 ut
1166 2235 1199 2275 ex
1233 2218 1283 2274 irae
1313 2220 1502 2291 cpiscoporum
1534 2219 1725 2291 repudiatione
1754 2228 1913 2291 suspectam

1111 2326 1201 2367 causa
1215 2326 1272 2367 snae
1284 2313 1415 2381 iustitiam
1429 2313 1539 2369 taudem
1554 2312 1656 2369 trabere
1668 2313 1818 2371 discerent.

1147 2403 1292 2461 Donatistae
1307 2406 1404 2460 irritati
1419 2405 1450 2461 oi
1466 2406 1533 2461 lrouc
1551 2408 1769 2477 macerationem.
1784 2406 1876 2481 Legati
1894 2426 1915 2463 ιι

1110 2496 1250 2553 Cotlrolicir
1274 2499 1308 2553 nd
1332 2499 1514 2575 imperatorem
1536 2500 1619 2554 mirsi.
1643 2529 1680 2542 ·-
1705 2502 1740 2555 At
1761 2499 1914 2557 Donatista

1109 2606 1163 2662 quo
1176 2592 1338 2649 clementius
1352 2601 1380 2648 et
1393 2592 1537 2648 instantius
1552 2591 1738 2649 invitabantur
1752 2593 1786 2648 ad
1802 2608 1911 2664 pacem,

1109 2698 1143 2739 eo
1155 2683 1271 2739 ierocius
1282 2699 1313 2740 ae
1325 2684 1424 2739 saerins
1440 2686 1466 2739 in
1478 2684 1637 2742 catholicos
1652 2685 1745 2743 lusere
1754 2699 1910 2757 coeperant.

1109 2776 1274 2846 Argumenta
1299 2790 1362 2832 esse
1377 2785 1465 2847 potest
1486 2775 1638 2848 Crispinus,
1660 2778 1828 2835 calamensis
1849 2780 1913 2850 epi·

1107 2884 1215 2941 scopus,
1228 2885 1331 2940 magma
1341 2871 1412 2925 inter
1422 2885 1488 2926 suos
1498 2869 1679 2937 auctoritatis,
1692 2871 1737 2941 qrri
1754 2870 1910 2928 Possidiuor

1106 2962 1228 3031 ejusdcm
1244 2962 1360 3018 ciuitatis
1372 2962 1543 3019 Cartlrolicurn
1557 2964 1717 3034 episcopum
1730 2964 1771 3020 sie
1787 2963 1910 3020 insecta-

1107 3064 1149 3111 tus
1162 3064 1214 3122 cst,
1231 3063 1261 3110 ιιι
1273 3054 1296 3110 is
1313 3056 1359 3110 uir
1372 3054 1434 3126 luga
1450 3055 1530 3111 saluti
1544 3068 1602 3112 sure
1616 3054 1761 3112 consulere
1774 3056 1906 3127 potuerit.

289 3149 363 3205 Lilrri
378 3149 566 3207 Probalionnm
582 3162 606 3207 et
616 3152 818 3207 testimoniorum
829 3161 918 3208 caretro
929 3152 1054 3207 donatis·
1067 3122 1091 3186 C
1105 3146 1146 3204 Oh
1160 3147 1219 3204 linc
1233 3157 1261 3205 et
1276 3148 1329 3203 alia
1346 3147 1466 3204 laoinoru
1482 3147 1626 3216 Crispinus
1641 3149 1667 3203 in
1678 3148 1811 3217 iudicium
1825 3164 1908 3204 tocs-

255 3243 1053 3320 rec-Poulecarcuuoucrtsrcsperueutrcuntriconidem
1107 3247 1149 3295 1⁰⁸
1169 3249 1196 3296 θῑ
1210 3248 1346 3310 13111(11131η
1365 3239 1510 3296 Amneni
1529 3249 1693 3307 ³⁰⁰¹¹if¹¹¹¹⁸s
1709 3256 1770 3298 01¹¹ss
1786 3258 1820 3298 0¹
1835 3257 1907 3313 ΡΜ·

254 3338 422 3406 Augustinus
436 3337 516 3403 ibid..
533 3347 625 3392 contra
638 3354 725 3392 eorum
738 3355 850 3393 errorem
861 3349 886 3394 er
899 3355 946 3410 pro
962 3338 1052 3394 cerno·
1105 3336 1208 3407 scripto
1225 3335 1294 3407 logis
1307 3334 1508 3392 Tireodosiaure
1527 3335 1591 3391 anni
1614 3334 1779 3393 scenicam
1799 3336 1857 3392 auri
1871 3336 1906 3392 li-

254 3429 304 3484 lico
319 3432 1053 3489 acritateuecessoriudocarnenmcornuisioedelt'ccle·
1104 3428 1213 3484 hrnrunr
1240 3428 1367 3484 muletam
1396 3427 1449 3483 sibi
1475 3427 1630 3499 impositam
1655 3427 1786 3496 vidisset,
1811 3443 1903 3484 coram

252 3524 380 3590 rusticis,
396 3526 450 3578 siae
462 3525 494 3579 ιιι
507 3524 616 3594 paelicis
631 3526 718 3597 pertis,
730 3525 782 3579 siue
796 3524 829 3579 de
843 3524 989 3593 scripturis
1003 3525 1052 3591 Co·
1103 3522 1265 3593 proconsule
1279 3537 1388 3577 causarn
1409 3537 1486 3578 suam
1506 3538 1554 3593 per
1569 3521 1686 3578 triduum
1704 3524 1844 3592 peroravit
1860 3533 1901 3579 at·

251 3619 367 3683 aonios,
383 3627 407 3671 ct
425 3617 507 3687 primo
522 3617 557 3671 ad
575 3617 635 3671 illos
650 3616 739 3670 cedem
759 3616 888 3687 proruisse
904 3616 1004 3683 direxi,
1023 3625 1052 3670 ut
1102 3629 1155 3684 que
1172 3613 1294 3670 hererici
1310 3614 1415 3670 crimen
1436 3629 1451 3670 a
1472 3631 1502 3673 se
1522 3614 1631 3671 antoliri
1643 3623 1758 3672 conatus
1776 3625 1828 3672 est.
1847 3614 1901 3674 Sed

248 3712 301 3784 ipsi
312 3729 342 3767 ea
357 3712 379 3766 si
390 3711 446 3780 pieri
462 3721 546 3780 posset
565 3719 741 3779 exposcerem.
767 3707 831 3776 Qua
852 3724 910 3762 cum
925 3709 1051 3764 recusem
1098 3705 1200 3777 iustam
1225 3722 1256 3763 ac
1280 3706 1428 3779 legitimam
1452 3705 1535 3764 luisse
1558 3707 1611 3764 hoc
1635 3710 1746 3764 nominc
1767 3707 1900 3779 prolatant

249 3805 277 3858 in
295 3820 382 3858 eorum
401 3803 572 3870 purorumduur
591 3804 702 3869 marius,
725 3800 881 3870 nescioquis
895 3800 991 3855 exstitit
1005 3799 1050 3869 pai
1101 3800 1266 3856 senteutiam
1279 3798 1421 3855 Possidius
1433 3799 1460 3854 in
1480 3800 1585 3871 publica
1599 3799 1786 3871 disputatione
1803 3799 1902 3870 proba·

249 3910 297 3949 ιιι
311 3895 412 3949 uonrioe
426 3894 503 3947 tacito
518 3902 607 3946 contro
622 3892 676 3946 lucc
691 3891 821 3955 scriberet,
835 3891 874 3944 ito
888 3906 914 3944 se
926 3890 1050 3960 confitens
1101 3892 1157 3956 rit;
1180 3901 1310 3948 ettamen
1325 3894 1439 3949 remissa
1454 3892 1570 3949 Possidii
1587 3903 1681 3966 rogatu
1693 3894 1793 3950 mulcta
1804 3935 1813 3961 ,
1824 3893 1903 3949 Cris·

250 3986 414 4041 Donatisram
435 3996 563 4055 tnumuuur
584 3984 632 4038 Aac
650 3992 794 4037 uocaretur.
818 3979 867 4036 Cui
884 3999 931 4053 ego
945 3991 1059 4053 respon·
1099 3985 1179 4054 pinus
1193 3985 1384 4056 imperatorem
1398 3985 1545 4055 appellarit
1565 3986 1612 4057 qui
1627 3986 1751 4042 eamdem
1767 3985 1896 4042 mulctam

248 4079 406 4134 clericalium
429 4078 521 4132 iliram
541 4076 642 4148 scripsi.
667 4074 720 4130 llio
739 4090 798 4129 aero
817 4075 971 4130 documento
990 4090 1048 4145 que
1098 4076 1150 4146 ipsi
1164 4075 1326 4146 caterisque
1343 4075 1491 4131 Donatistis
1506 4076 1614 4133 inllixit.
1627 4076 1695 4133 Cum
1711 4077 1770 4133 lraee
1783 4092 1899 4148 ageren-

246 4177 413 4248 promiseram
421 4173 512 4246 jorcei,
529 4181 551 4226 ct
565 4180 716 4242 castroque
729 4186 808 4224 anum
821 4186 876 4225 csse
887 4170 967 4234 colai,
981 4187 1050 4226 earn·
1097 4174 1143 4222 tur
1169 4165 1411 4223 Circumcelliones
1431 4169 1459 4223 in
1483 4168 1675 4224 Maximianum
1701 4169 1897 4240 Bagaiensem,

246 4286 296 4338 que
315 4269 352 4323 sic
370 4268 457 4332 edidi,
472 4275 498 4319 nt
511 4266 538 4320 iu
550 4266 690 4336 perimitur
705 4263 818 4318 basilico
827 4279 885 4335 prro
897 4260 1047 4320 Decretistc-
1098 4260 1144 4331 qui
1166 4259 1306 4316 basilicam
1327 4261 1432 4333 legibus
1446 4263 1593 4334 repetierat
1613 4273 1641 4319 ct
1661 4264 1688 4319 in
1710 4264 1826 4320 Seruum
1843 4264 1899 4320 Tu·

246 4377 305 4414 ram
321 4363 405 4432 {unat
427 4360 498 4430 prius
517 4358 673 4428 propositus
695 4357 838 4430 legeretur,
864 4349 937 4428 cnjus
958 4358 1047 4413 titulus
1098 4354 1271 4411 imrsicubnri
1290 4356 1466 4426 episcopum,
1486 4356 1533 4427 qui
1546 4356 1627 4412 elisur
1647 4356 1757 4427 petebat
1773 4357 1897 4428 aliosque

246 4461 300 4517 ert,
318 4451 513 4506 Probatiouum
528 4460 555 4506 et
575 4450 792 4505 testimoniorum
807 4459 901 4505 contra
917 4450 1045 4506 Dorratis·
1098 4448 1260 4518 episcopos,
1280 4449 1396 4506 clericos
1409 4490 1417 4515 ,
1431 4457 1459 4503 ct
1474 4449 1557 4505 laicos
1572 4459 1626 4505 tarn
1639 4451 1769 4506 atrociter
1782 4450 1896 4522 grassati

246 4557 298 4604 tus.
322 4545 436 4601 Alterius
453 4543 513 4599 tort
529 4559 603 4614 quun
620 4560 700 4614 supra
713 4543 920 4605 connumerari,
939 4544 1045 4598 titolum
1057 4511 1086 4573 D
1098 4550 1128 4596 ut
1151 4542 1261 4597 concilii
1285 4540 1510 4614 Gartltnginensis
1530 4558 1601 4598 anno
1624 4542 1677 4599 sut
1697 4541 1782 4600 habiti
1801 4542 1895 4599 Patres

245 4640 391 4704 ossecoleo,
407 4637 509 4693 Coutra
523 4635 614 4691 neseio
627 4649 708 4706 quern
721 4635 898 4689 donatistam.
1094 4632 1268 4690 dicacium
1281 4633 1426 4690 Tlleasium
1440 4644 1468 4692 et
1481 4634 1612 4691 Euodium
1626 4635 1729 4706 legatos
1752 4637 1786 4691 ad
1806 4636 1892 4706 impe·

282 4731 429 4785 Adruouitio
451 4726 645 4782 Donatistarum
662 4726 695 4780 de
716 4724 926 4780 Moriuaionistis.
946 4725 1044 4783 -llis
1095 4734 1213 4782 ratorenr
1233 4725 1379 4810 mittendos
1400 4741 1462 4784 esse
1481 4727 1659 4793 censuerint,
1674 4729 1719 4797 nui
1731 4729 1756 4784 ei
1772 4741 1893 4800 erpone·

246 4822 351 4876 duolms
372 4820 449 4875 lituris
469 4821 514 4891 qni
542 4835 615 4875 ιιιιιιι
642 4818 850 4885 desiderantur,
873 4817 969 4873 tertius
995 4819 1043 4890 qtti

244 4916 361 4970 arruissus
385 4928 494 4985 quoque
512 4920 565 4981 est,
582 4910 744 4974 accedebat,
761 4912 804 4966 cui
828 4911 924 4967 titulus
941 4912 1041 4967 Adruo·

242 5006 305 5060 nitio
333 5002 528 5059 Donatistarum
549 5004 580 5058 ιιι
609 5002 829 5069 dieximmnirtis,
859 5006 905 5076 qui
929 5005 1038 5076 quidem

241 5098 350 5158 libellus
363 5107 423 5154 erat
437 5097 626 5163 brevissimus,
643 5107 672 5151 ut
688 5106 779 5166 posset
791 5095 922 5154 facilitate
936 5098 1039 5156 descri-

241 5189 323 5247 lrendi
341 5191 367 5244 in
384 5189 500 5259 plurium
517 5204 613 5243 manus
634 5189 787 5257 peruenire,
804 5200 831 5247 ct
847 5192 904 5261 ipsa
918 5191 960 5246 sui
975 5191 1036 5248 lire·

240 5282 326 5337 ritate
340 5280 446 5336 lucilius
461 5281 600 5336 memoriae
614 5282 809 5337 nutrimendari.

241 5381 248 5445 ’ξ
277 5374 841 5445 Liierdeuuicoloptt'smo.-Postaiinuod
859 5386 976 5447 tempus,
989 5378 1038 5435 sed

241 5463 1036 5537 antecollationemCartltagiuensem„cumanricusqnidam

240 5555 1039 5630 iiliusaneseionnolionatistapresbyterolibrurnPetliiani

239 5650 690 5725 dcarricobaptismoaccepissetet
698 5649 732 5706 ad
744 5651 1036 5722 Augustinurnattulis·

238 5743 1035 5822 set,enixerogausilluruuteiresponderet,precibuseius

1094 4826 1156 4873 rent
1175 4834 1255 4885 apuam
1278 4818 1407 4873 immania
1428 4834 1442 4874 a
1459 4819 1608 4876 Donatistis
1623 4820 1651 4875 in
1671 4819 1827 4878 catholicos
1845 4835 1893 4893 pa·

1095 4916 1242 4978 trarentur,
1256 4910 1356 4981 quique
1369 4919 1513 4980 poscerent
1528 4922 1557 4968 ut
1569 4912 1697 4969 Ecclesia
1707 4914 1815 4970 tuitioni
1827 4927 1892 4984 pro·

1096 4999 1222 5055 riderent
1240 5017 1273 5057 nc
1295 5002 1381 5073 legem
1402 5002 1548 5060 Theodosii
1563 5004 1758 5076 promulgatam
1772 5006 1800 5062 in
1814 5002 1892 5061 ordi·

1097 5103 1208 5148 umores
1219 5094 1260 5150 sci
1275 5094 1415 5151 ordinatos
1428 5094 1569 5152 haereticos
1582 5112 1631 5153 seu
1644 5098 1725 5152 etiam
1739 5100 1767 5153 in
1781 5109 1893 5165 pusses-

1092 5200 1172 5242 sorcs
1193 5187 1314 5244 locorum
1334 5189 1361 5243 in
1377 5189 1475 5260 quibus
1492 5205 1586 5246 eorum
1600 5191 1775 5262 congregatio
1794 5188 1892 5260 deprc-

1095 5278 1233 5347 irendttur,
1245 5281 1452 5349 cnulimrareul,
1465 5284 1531 5338 erin
1544 5283 1701 5339 uouartsus
1711 5282 1801 5340 ualere
1811 5281 1891 5354 jube·

1092 5380 1164 5428 rent.
1185 5371 1316 5430 Similiter
1335 5382 1364 5429 ut
1382 5375 1434 5429 alin
1455 5374 1499 5431 lex
1512 5389 1574 5446 oua}
1591 5374 1625 5430 de
1640 5375 1777 5431 Aaeoeticis
1794 5374 1839 5431 rel
1854 5389 1888 5429 ex

1092 5465 1281 5522 donationibus
1295 5466 1337 5521 rei
1351 5482 1386 5523 ex
1404 5468 1573 5523 testamentis
1584 5466 1687 5537 aliquid
1706 5465 1831 5538 capiendi
1844 5464 1888 5522 rel

1091 5558 1262 5631 relinquendi
1273 5559 1319 5629 jus
1332 5560 1444 5626 adimit,
1458 5568 1643 5628 repeteretur;
1658 5560 1694 5616 ita
1708 5569 1798 5618 tamea
1811 5569 1841 5615 ut
1853 5558 1887 5615 iis

1091 5653 1136 5725 qui
1150 5652 1368 5710 consideratione
1380 5654 1493 5710 unitatis
1510 5661 1539 5710 et
1556 5652 1630 5725 pacis
1641 5668 1670 5709 se
1684 5653 1824 5726 corrigere
1836 5668 1886 5707 ro-

1090 5747 1191 5808 iuerint
1199 5788 1209 5819 ,
1223 5746 1389 5810 hereditatis
1408 5748 1628 5823 aditusjpateret,
1644 5748 1668 5805 si
1682 5747 1811 5807 aduncis
1828 5751 1888 5804 lac-
