4142 6175
171 268 239 326 tsot
651 270 768 331 dms
785 267 1010 333 wanilonis
1028 274 1346 343 moritoniensis.
1747 300 1817 357 tsttt

203 384 250 442 dd.
265 383 397 443 ilnteritetr
424 353 558 459 episeopus
583 387 659 443 dicit.
687 389 767 446 Sicut
783 388 818 446 de
832 389 1053 461 scripturales
1071 410 1132 466 que
1151 399 1230 454 uobis
1249 399 1284 457 ad
1305 401 1492 481 plenissimam
1510 404 1716 465 instructionem
1739 411 1815 469 suill-

168 477 322 547 proposuit,
334 477 464 549 scriptunt
478 487 521 535 est
533 478 636 535 nobles
652 479 788 550 sapientie
815 482 965 538 abscondite
1016 500 1081 545 cere
1095 490 1260 560 credidistis,
1272 494 1404 552 hesterno
1418 494 1463 554 die
1472 495 1518 553 edi
1528 497 1617 566 robis,
1632 498 1694 557 data
1709 507 1816 566 notaria

164 570 303 625 tiamne
316 569 423 625 Mau,
440 569 506 639 Qu
525 571 625 629 misso
643 572 674 627 t‘tt
697 572 832 645 weges?
853 573 887 629 lit
909 572 965 629 elin
1015 579 1168 650 postulatis.

165 661 732 736 mhamutoptsespmecegsovt.
1051 672 1097 729 ol.
1110 672 1492 749 Pstiilcnuseplscopusdtcit.
1514 680 1611 739 bisant
1637 694 1811 758 excepisses,

200 754 249 817 sl.
264 752 401 817 Poseidion
419 756 555 829 epiecopus
582 754 706 821 tiemo
731 756 865 817 onuba
887 758 961 816 dicit
1016 772 1106 822 utrum
1121 782 1259 839 exponere
1274 786 1326 827 una
1337 770 1382 828 dic
1395 774 1544 849 potuerint,
1558 776 1630 848 quod
1650 794 1701 835 una
1715 781 1760 840 dle
1774 784 1813 840 ri·

165 843 607 919 hnmitqstbnmsmmtuit
623 847 886 920 ementiendis
908 867 965 907 ttae-
1013 856 1342 922 deteresseconleetunr.
1358 864 1458 923 lltelle
1471 885 1560 925 mene.
1574 869 1610 928 lit
1624 887 1717 946 supra.

165 955 213 995 tttt.
227 939 393 1011 aequori.
695 964 706 978 ·
1051 951 1095 1009 ts.
1113 951 1285 1013 ilnreellt'rtttr
1296 958 1640 1022 nirclnrirslmttstribttmtt
1656 976 1680 1023 et
1694 972 1811 1027 nemrltta

203 1035 248 1093 ob.
263 1032 394 1092 laedatis
405 1044 529 1105 werse
541 1033 805 1093 uultureciutt't.
829 1035 964 1099 ttmttus
1014 1042 1090 1100 discit.
1105 1043 1282 1118 Exceptores,
1296 1057 1386 1107 utrum
1404 1052 1537 1111 besterno
1551 1057 1595 1113 die
1608 1060 1698 1116 omnia
1717 1072 1812 1133 potue·

164 1136 213 1183 itis
222 1126 304 1191 lili&
315 1126 514 1196 ΟΜΝΗ
524 1140 595 1197 Μ·
606 1141 717 1184 ΝΜ
730 1136 837 1200 ΡΜ
853 1136 964 1186 Ml
1013 1136 1070 1193 rint
1082 1138 1110 1194 in
1122 1140 1233 1198 seltedis
1245 1150 1322 1214 gesta
1334 1144 1467 1214 describi,
1483 1148 1555 1219 apud
1572 1158 1632 1207 acta
1655 1152 1809 1227 designent.

165 1233 317 1288 monem,
330 1218 435 1276 idcirco
444 1229 537 1275 atrurn
550 1233 587 1276 sn
600 1221 739 1278 atumem
760 1234 898 1285 sensnm
908 1219 964 1279 dil-
1015 1227 1149 1287 limosis
1162 1243 1282 1307 exceptor
1293 1237 1369 1292 dimi.
1385 1238 1480 1295 Adbuc
1490 1252 1596 1310 partem
1617 1245 1645 1300 in
1670 1247 1811 1307 codicibus

162 1310 510 1383 minentis-placent,
531 1310 683 1369 inluster.
710 1311 749 1373 Al
773 1313 889 1385 urique
900 1329 962 1384 pnr-
1011 1321 1157 1381 babemus.
1175 1326 1317 1400 Siquidem
1335 1330 1420 1388 ctiam
1438 1333 1458 1388 ii
1473 1333 1594 1409 episcopi
1606 1340 1652 1411 qui
1668 1341 1748 1401 nobis
1762 1358 1811 1402 cu

161 1402 233 1459 tiles
247 1404 347 1465 dicem
357 1411 398 1460 su
410 1419 420 1458 .·
434 1403 525 1461 Placet
535 1444 544 1470 ,
555 1404 687 1476 premnt
700 1405 757 1477 iarn
776 1405 829 1465 itio
852 1404 911 1465 dies
922 1406 963 1465 tti-
1012 1414 1107 1472 stodes
1119 1416 1175 1474 dati
1187 1428 1260 1487 suut,
1272 1436 1326 1477 non
1338 1424 1473 1480 nesclmt.

161 1495 391 1555 deorsum.
405 1494 538 1557 satiust
564 1506 612 1555 tter
632 1497 708 1559 dt'ttt’b
735 1497 767 1559 ln
782 1512 865 1570 vem
888 1497 962 1557 dmm
1048 1506 1095 1564 bl.
1112 1507 1408 1587 Petllinntttepitcopur
1426 1517 1502 1573 nteit.
1523 1518 1637 1595 Accepit
1659 1523 1812 1585 sublimitas

163 1586 223 1645 baec
236 1588 296 1660 ipsa
309 1589 560 1662 mamentianos
575 1590 730 1660 Mur,
755 1605 821 1662 pm
848 1600 962 1665 umque
1013 1605 1059 1655 tna
1074 1615 1108 1656 ex
1130 1603 1310 1679 responsione
1328 1607 1425 1677 ornett,
1443 1620 1503 1666 acta
1522 1611 1611 1669 adbuc
1631 1614 1735 1688 digesta
1756 1636 1811 1678 non

161 1680 297 1754 &signet
310 1682 422 1759 ,lippire
433 1684 570 1759 &mette
592 1683 716 1749 music
732 1684 867 1749 wilelt'toe
881 1685 959 1743 dim't.
1013 1708 1075 1752 esse
1087 1696 1115 1752 in
1126 1697 1250 1770 paginas,
1264 1715 1316 1759 nec
1326 1717 1388 1760 esse
1401 1705 1473 1776 quod
1489 1721 1552 1778 pars
1562 1718 1676 1783 utraque
1687 1712 1761 1787 legat
1772 1725 1813 1772 at·

161 1773 241 1841 sicut
251 1774 483 1839 mmmooitttuas
496 1785 543 1843 tur
552 1778 729 1853 prescripsit,
743 1781 867 1843 mollito
877 1780 962 1839 intet-
975 1779 1000 1842 B
1013 1802 1067 1858 que
1077 1800 1231 1861 recenseat,
1244 1808 1296 1850 nec
1311 1793 1369 1851 deri
1384 1804 1431 1852 aot
1451 1802 1574 1856 reuocari
1587 1805 1728 1863 memoriae
1743 1824 1811 1881 pau-

161 1869 249 1935 misto
258 1881 371 1945 prepter
381 1872 594 1945 descriptionem
609 1876 794 1946 wana,
817 1876 959 1948 perendie,
1010 1880 1100 1938 iulum
1113 1884 1210 1954 possit.
1223 1885 1343 1945 Proinde
1356 1890 1509 1950 sublimitas
1528 1900 1592 1964 tua,
1607 1898 1736 1969 quoniam
1766 1919 1811 1961 res

161 1964 537 2036 tiwaecipls,cbserremtttt·
555 1967 702 2029 moratus
726 1970 862 2047 moeones
884 1969 961 2029 dixit·
1014 1972 1128 2032 honesta
1142 1979 1312 2050 postulatur,
1338 1981 1429 2056 largiri
1451 1985 1579 2059 dignetur
1595 1992 1667 2063 quod
1682 1996 1811 2067 petimus,

164 2055 252 2117 noan
265 2072 317 2117 noe
335 2060 563 2123 cemetulmttttti
577 2060 729 2131 eandm
752 2059 800 2125 die
820 2063 962 2134 nmium
1013 2078 1044 2125 ut
1060 2078 1137 2143 gesta
1157 2088 1190 2129 ex
1207 2087 1283 2131 more
1296 2074 1422 2134 edantur.
1441 2078 1578 2153 Legamus
1600 2091 1631 2140 ut
1647 2089 1813 2160 respondere

162 2160 318 2223 peragatis.
332 2150 462 2215 Nobiliter
482 2162 527 2213 tna
550 2154 627 2217 dicit.
651 2154 730 2219 §iuti
752 2154 875 2228 pontibus
903 2155 961 2228 pit·
1013 2163 1161 2233 possimus.
1177 2163 1214 2235 Et
1227 2167 1282 2222 elin
1296 2184 1386 2225 mene.
1406 2170 1556 2234 Petilianus
1575 2177 1719 2257 episcopus
1734 2198 1812 2242 reco

160 2246 239 2316 ottit,
260 2248 411 2318 petendine
433 2250 481 2311 dio
503 2252 643 2323 emerium
663 2260 810 2324 repetemn
837 2249 875 2315 tit
900 2268 961 2313 estu
1012 2256 1104 2325 geori.

161 2339 306 2408 emenus,
324 2339 542 2403 ussedlngscir
557 2344 717 2405 cinisum
729 2344 847 2407 miluom
864 2355 891 2401 rt
914 2361 962 2407 ne·
1049 2346 1095 2403 lb.
1110 2346 1221 2419 Alypius
1230 2349 1365 2421 episeopus
1377 2351 1813 2427 Ecclesioecntltelleoedisit.Lon·

163 2431 335 2495 torinndittt'to
355 2433 435 2497 ittet
447 2436 577 2499 unctitm
603 2446 694 2498 rosus
717 2443 814 2497 contre
835 2437 962 2509 proprios
1012 2436 1106 2511 gitudo
1138 2447 1276 2511 gestorum
1299 2441 1384 2515 magis
1404 2444 1432 2500 in
1451 2460 1565 2506 numero
1586 2461 1614 2508 et
1632 2459 1811 2527 responsione

164 2539 216 2589 rep
229 2526 322 2589 renim
337 2542 394 2591 son
417 2541 498 2599 poste
519 2542 685 2593 mentur-
709 2527 789 2589 Uttde
811 2543 894 2589 cama
917 2529 962 2591 ei·
1011 2531 1257 2604 utriusquepartis
1277 2535 1468 2608 cpiscoporum
1486 2550 1543 2611 cst,
1568 2559 1648 2617 quam
1668 2548 1696 2605 ln
1720 2552 1811 2626 aliqua

163 2624 252 2672 catur.
1012 2624 1249 2683 commendatione
1262 2628 1374 2701 negotii.
1385 2630 1456 2688 Nibil
1466 2647 1534 2707 ergo
1545 2645 1587 2693 est
1599 2638 1669 2697 unde
1683 2653 1810 2702 causetur

199 2709 244 2773 53.
260 2708 389 2775 Emeritos
408 2712 545 2789 episcopeo
557 2712 632 2769 dicit.
649 2711 706 2771 tion
725 2711 795 2775 tneo
815 2713 960 2771 immemo·
1012 2731 1077 2788 pars
1101 2717 1207 2777 diuersa
1218 2759 1231 2786 ,
1253 2731 1300 2778 aut
1313 2722 1394 2781 bodie
1408 2728 1525 2799 cognitio
1540 2729 1680 2791 differatur
1693 2754 1701 2804 ;
1715 2742 1811 2810 proeci-

159 2817 208 2865 res
220 2818 314 2859 sumus
324 2812 354 2858 ut
365 2811 461 2861 eontra
481 2816 574 2869 nostra
589 2805 748 2861 veniamus:
768 2820 820 2861 nec
841 2820 894 2877 ego
915 2805 961 2863 bic
1012 2824 1066 2885 pue
1076 2810 1137 2881 guia
1151 2812 1232 2869 ctiam
1246 2813 1298 2885 ipsi
1314 2816 1430 2887 proiessi
1443 2823 1552 2880 suntad
1565 2825 1726 2891 hodiernum
1738 2834 1809 2893 dison

163 2894 294 2959 incuriam
307 2895 632 2973 olilciiautexccptorum
647 2896 958 2973 negligentiamdnmno,
1011 2902 1190 2962 differendum
1215 2922 1276 2966 esse
1294 2911 1444 2982 negotium,
1473 2913 1508 2971 ει
1529 2918 1585 2976 apa
1614 2938 1702 2981 manu·
1723 2927 1811 2991 3000,

162 2982 209 3053 ubi
221 2990 344 3065 intelligo
353 2989 511 3065 prolixitate
525 3002 664 3062 gestorum
678 2989 734 3064 [sd]
750 2987 823 3049 diem
846 2987 960 3044 minime
1010 3000 1102 3075 gnon,

162 3099 309 3150 occurrere
321 3085 459 3158 potuisse.
475 3084 553 3162 Quod
567 3084 590 3141 si
606 3085 704 3144 lactum
719 3095 779 3151 est,
804 3092 833 3140 et
844 3081 957 3158 explici¹
1047 3093 1093 3148 ll.
1105 3091 1275 3152 Marcellinus
1288 3097 1327 3151 sir
1342 3098 1503 3159 clarissimus
1513 3102 1631 3164 tribanus
1650 3118 1675 3164 et
1694 3115 1810 3172 notemus

162 3180 197 3243 tis
210 3179 336 3244 omnibus
350 3187 426 3258 gesta
441 3195 486 3246 res
506 3186 563 3252 cst,
580 3194 629 3236 cur
647 3194 702 3242 nou
719 3177 746 3235 in
764 3178 888 3234 notitiam
910 3172 995 3237 noc
1011 3182 1087 3239 dicit.
1104 3182 1249 3242 Utiterum
1262 3189 1385 3258 partibus
1396 3191 1538 3253 euidenter
1563 3212 1703 3272 appareat,
1729 3221 1810 3271 aene·

157 3286 246 3342 stram
258 3283 391 3350 quentin
405 3286 470 3340 tuot
480 3274 749 3354 perferunturillutu
764 3273 837 3334 enlm
852 3289 885 3334 ea
899 3288 959 3350 quae
1010 3275 1135 3333 rabiiium
1146 3277 1265 3335 uirorum
1280 3281 1370 3339 detrito
1380 3286 1517 3357 professio
1528 3294 1667 3376 recitetur.
1698 3295 1809 3356 Petilio-

160 3369 290 3434 npbilites
305 3379 350 3428 tua
364 3369 502 3432 recenseri
509 3369 594 3442 jussit
606 3369 643 3428 ab
660 3365 752 3430 oibcio
767 3364 867 3428 luerint
893 3379 960 3424 reu·
1010 3386 1059 3424 ner
1069 3371 1206 3445 episcopus
1216 3373 1293 3429 dicit.
1306 3373 1384 3433 Unde
1398 3380 1577 3438 recitabituri
1590 3383 1625 3441 lit
1637 3388 1692 3443 clia
1716 3408 1804 3449 muna.

162 3461 252 3529 tilata,
273 3477 387 3519 necesse
403 3475 431 3518 ut
447 3464 567 3534 accepis
584 3460 718 3524 utriuctsls
737 3469 851 3520 tractem
865 3456 957 3518 diseu-
1009 3459 1045 3518 Ut
1057 3477 1150 3534 supra.
1164 3462 1449 3540 montanosepncopns
1468 3474 1544 3530 uicit.
1561 3476 1601 3540 De
1612 3479 1713 3540 scheda
1725 3485 1806 3546 nobis

157 3552 390 3630 bampueepuiitttt
410 3554 501 3616 causis
518 3553 651 3628 quintove
670 3553 758 3616 modis
776 3551 891 3612 debeam
915 3564 958 3606 re·
1007 3553 1149 3610 recitetur.
1164 3554 1522 3635 roscemanntitsnna.
1637 3579 1640 3586 ·

156 3646 306 3726 spondete.
320 3646 434 3710 Tantum
451 3647 550 3708 etenim
566 3662 599 3708 et
611 3645 743 3710 mandato
764 3644 872 3702 illorum
889 3657 958 3706 cori·
1043 3648 1088 3704 li.
1104 3647 1274 3707 Marcellinus
1284 3654 1323 3708 ot'r
1335 3653 1494 3713 clarissimus
1517 3662 1636 3719 trilttnttr
1648 3674 1673 3719 et
1687 3667 1804 3744 notorias

157 3737 293 3795 iussionem
305 3753 396 3795 causae
410 3753 473 3795 esse
484 3738 612 3818 cognovi,
624 3747 654 3798 ut
667 3747 695 3798 et
706 3737 740 3800 de
751 3735 898 3807 preteritis
914 3735 957 3796 itt·
1006 3737 1083 3793 dicit.
1100 3739 1171 3811 Ergo
1183 3756 1244 3812 pute
1256 3744 1394 3801 codicibus
1407 3757 1534 3806 tenentur
1544 3751 1656 3826 inserta,
1672 3774 1733 3816 cum
1745 3771 1805 3819 tan·

157 3831 226 3890 sirm
239 3829 353 3887 debeam
365 3871 373 3898 ,
384 3839 414 3892 ct
431 3844 577 3910 agnoscam
596 3827 631 3884 de
649 3828 830 3906 presentibus
849 3826 892 3881 cui
911 3824 955 3881 de
1007 3830 1027 3884 ti
1040 3830 1195 3888 sacerdotes
1205 3834 1332 3892 custodes
1343 3840 1460 3910 oppositi
1475 3840 1589 3915 luerint,
1612 3847 1640 3904 in
1656 3850 1803 3918 dubitatio-

154 3922 237 3984 beam
261 3920 437 3992 respondere.
459 3918 494 3984 Et
509 3920 564 3976 nilo
592 3935 681 3978 mnne.
713 3917 850 3974 Emeritos
875 3930 955 3973 reco·
1004 3938 1068 3986 nem
1078 3923 1196 3995 aliquant
1211 3926 1367 3986 existimant
1379 3930 1557 3991 devocandai

154 4013 247 4098 gnoti.
1040 4018 1085 4073 li.
1101 4016 1247 4076 Petillnnut
1260 4021 1580 4094 optemperantibus
1593 4046 1647 4089 non
1659 4037 1800 4109 norimus3

191 4106 237 4164 54.
253 4101 423 4160 iinrcelllutts
435 4102 474 4159 oir
485 4104 643 4160 clarissimus
654 4101 770 4158 trlbtmttc
788 4110 813 4157 et
836 4100 953 4156 notnrlttt
1003 4126 1094 4186 neque
1106 4127 1139 4168 ea
1149 4123 1245 4176 napum
1272 4131 1362 4180 mum
1377 4127 1430 4186 ρει,
1458 4127 1539 4191 arque
1552 4123 1684 4195 smmum,
1713 4140 1743 4185 „g
1764 4133 1801 4189 “a

155 4200 231 4260 dicit.
245 4199 322 4257 Licet
336 4196 472 4274 professio
482 4197 634 4262 subtilitis
644 4195 808 4252 tesiiaefflli
822 4190 949 4258 semotas,
1003 4202 1121 4260 dixerim
1135 4202 1296 4270 litterarum,
1309 4215 1337 4260 ut
1348 4209 1489 4279 quisquam
1503 4220 1582 4267 notas
1595 4213 1666 4286 legat
1684 4219 1798 4280 alienas.

158 4301 248 4349 lamen
259 4289 390 4366 quidquid
405 4287 480 4345 tobis
491 4288 526 4344 ali
538 4286 744 4343 instructionem
765 4282 951 4360 plenissimam
1002 4294 1032 4350 ln
1046 4294 1184 4352 codicibus
1204 4296 1297 4370 legere
1315 4314 1369 4354 non
1390 4316 1545 4371 possumus,
1561 4305 1619 4363 Nisi
1645 4311 1717 4368 edita
1743 4317 1801 4374 fug.

155 4382 310 4440 credidistis
325 4397 404 4456 posse
415 4381 553 4449 sulbcere,
569 4380 698 4437 besterna
708 4378 788 4436 dicet
798 4375 951 4449 postulasse
1002 4387 1057 4444 sinn
1070 4396 1146 4464 gesta
1162 4388 1189 4443 in
1201 4389 1316 4461 paginis,
1330 4406 1384 4447 uon
1401 4392 1489 4451 babeo
1508 4396 1581 4476 quod
1596 4407 1721 4474 tractem,
1744 4423 1800 4465 non

156 4475 237 4556 292
252 4486 337 4534 rosct
350 4475 489 4546 accepisse
504 4490 561 4531 nou
574 4473 686 4532 dubium
711 4478 762 4531 est.
779 4468 857 4529 Unde
877 4484 949 4536 nuni
1001 4478 1090 4538 babeo
1102 4480 1174 4554 quod
1189 4481 1286 4556 legam.
1308 4481 1344 4542 lit
1371 4485 1425 4541 ntia
1437 4503 1526 4543 strena.
1548 4488 1583 4547 lit
1604 4508 1696 4566 supra.
1725 4498 1800 4555 llor-

155 4565 189 4620 ad
203 4549 293 4622 cauom
306 4567 432 4626 meritum
447 4566 581 4624 veniatur.
959 4553 987 4615 Ῑ)
1000 4573 1108 4632 collinae
1123 4576 1162 4630 uir
1174 4574 1335 4634 clarissimes
1354 4578 1471 4635 tribunes
1490 4590 1513 4637 et
1535 4587 1649 4643 steterint
1661 4587 1737 4646 dicit.
1764 4593 1801 4650 Ut

189 4665 234 4728 ns,
249 4664 393 4728 Petilionm
405 4670 542 4742 episcopus
555 4666 632 4726 diali.
647 4663 774 4728 Advertit
795 4659 948 4719 sublimitas
1000 4670 1171 4742 dictumest,
1187 4671 1284 4729 iterum
1305 4672 1502 4734 uenerabilium
1522 4677 1643 4734 virorum
1664 4685 1798 4756 protessio

152 4766 198 4814 tna
212 4769 387 4831 exceptorem
402 4775 436 4817 er
447 4759 586 4817 codicibus
596 4758 697 4830 legisse
710 4754 776 4829 quid
790 4753 949 4812 nudluster-
999 4765 1138 4824 resperni,

152 4849 223 4914 tiana
236 4852 281 4908 die
291 4853 333 4909 rel
345 4852 510 4926 promissum
523 4851 603 4909 luerit
615 4852 657 4907 rel
671 4848 887 4922 pronuntiatum.
906 4846 946 4901 Ex
1035 4856 1081 4913 ts.
1095 4856 1225 4914 Martialis
1240 4867 1403 4931 exceptores
1414 4861 1730 4925 cedicet'terunrnotnrum
1744 4871 1797 4952 [re.

150 4956 202 5014 qua
215 4945 467 5016 remagisagnosco
478 4953 537 5002 acta
548 4940 769 5015 adlrucexposita
784 4956 838 4997 non
851 4937 945 4995 luisse.
998 4950 1096 5008 apennis.
1113 4948 1244 5006 Nobilitas
1257 4949 1311 5025 tue]
1323 4951 1399 5006 dicit.
1414 4951 1546 5021 Quoniam
1567 4954 1623 5013 diei
1649 4974 1718 5031 pene
1736 4979 1795 5021 om·

149 5036 228 5108 (2⁰⁰4
243 5040 266 5093 εἰ
276 5038 399 5116 0¹P0⁸ii²
417 5048 516 5106 luitici
531 5048 624 5114 parata
633 5080 642 5112 ‚
660 5037 732 5100 idem
755 5043 885 5110 exceptor
901 5048 946 5090 re·
998 5057 1061 5100 nem
1073 5051 1176 5114 partem
1186 5051 1292 5098 constat
1302 5057 1451 5109 emensam,
1461 5043 1664 5105 idcirco‘utrum
1676 5066 1709 5109 ex
1719 5068 1794 5112 com-

149 5129 293 5199 spondeat.
308 5130 430 5194 Prolerat
440 5141 526 5205 gesta.
539 5131 696 5200 subscribe,
707 5138 861 5187 tractamus
874 5169 881 5196 ,
896 5144 945 5199 po·
997 5134 1074 5198 muni
1091 5148 1224 5190 consensu
1243 5132 1345 5189 didcrri
1365 5135 1501 5205 negotium
1519 5137 1625 5208 placcat
1640 5141 1791 5216 intimetur,

149 5229 207 5282 sica
220 5224 428 5296 respondemus,
441 5224 476 5282 Et
485 5225 787 5290 clemonePetiliapus
801 5224 945 5299 episcopus
997 5225 1036 5281 st
1051 5226 1168 5296 utrisque
1181 5224 1297 5295 pertibus
1308 5223 1408 5279 dictum
1419 5235 1466 5280 ert.
1482 5226 1585 5298 Placet,
1601 5236 1727 5302 quoniam
1736 5237 1793 5307 jam

149 5318 305 5394 recogttori.
995 5316 1049 5374 iste
1068 5315 1128 5372 dies
1149 5315 1256 5372 ridetur
1275 5329 1413 5373 cousensus.
1438 5314 1570 5375 Nobilitas
1592 5330 1637 5377 tto
1661 5324 1736 5379 dicit.
1763 5326 1793 5384 ln

183 5407 231 5464 36.
246 5407 415 5468 Marcellinus
429 5412 468 5467 oir
480 5411 639 5474 clarissimos
661 5411 778 5476 tribunus
790 5419 814 5466 et
826 5407 943 5470 notorius
996 5424 1077 5490 quem
1104 5408 1176 5465 diem
1197 5407 1257 5464 baec
1277 5408 1335 5480 ipsu
1354 5409 1604 5479 comperendinatio
1626 5413 1790 5488 differatur,

148 5502 223 5566 dicit.
238 5502 362 5561 Studium
374 5504 515 5572 dilationis
528 5507 661 5586 agnosco,
676 5512 826 5572 etmutatae
845 5500 943 5558 volun·
995 5518 1060 5586 pars
1079 5513 1193 5576 utraque
1212 5501 1347 5573 designet.
1372 5502 1481 5576 lippias
1505 5507 1642 5579 episcopeo
1668 5507 1792 5564 Eccbdoe

147 5597 363 5656 tatisindieium.
387 5601 517 5657 Potuetnt
541 5599 614 5662 enim
641 5599 771 5656 sauctitas
794 5605 883 5660 restra
909 5610 943 5652 ex
995 5598 1130 5654 catholice
1141 5595 1219 5662 dielt.
1237 5596 1313 5651 Sicut
1333 5594 1423 5652 edicto
1447 5595 1574 5652 nobilitas
1588 5605 1632 5653 tua
1648 5601 1792 5670 praescrip·

144 5691 333 5764 magnitudine
358 5701 518 5768 gestorum,
540 5698 570 5747 ut
591 5690 672 5746 bodie
697 5689 834 5762 negotium
852 5686 944 5746 differ·
994 5690 1041 5756 sit,
1055 5690 1174 5752 crastino
1187 5688 1343 5745 intermisse
1357 5697 1467 5760 propter
1476 5688 1687 5756 descriptionem
1706 5690 1789 5749 sebe·

147 5794 223 5840 retur
235 5784 370 5857 superiori
383 5783 486 5855 iudicio
500 5783 647 5854 postulare.
668 5781 728 5839 lluc
747 5781 855 5838 additor
870 5781 942 5853 qnod
993 5781 1101 5850 darunt,
1117 5781 1260 5852 perendie,
1275 5782 1296 5840 si
1308 5782 1445 5855 praectpts,
1458 5779 1644 5840 observentur.
1670 5781 1792 5845 aldredo·
