<?xml version="1.0" encoding="UTF-8"?>
<!DOCTYPE html PUBLIC "-//W3C//DTD XHTML 1.0 Transitional//EN"
    "http://www.w3.org/TR/xhtml1/DTD/xhtml1-transitional.dtd">
<html xmlns="http://www.w3.org/1999/xhtml" xml:lang="en" lang="en">
 <head>
  <title>
</title>
<meta http-equiv="Content-Type" content="text/html;charset=utf-8" />
  <meta name='ocr-system' content='tesseract 3.04.00' />
  <meta name='ocr-capabilities' content='ocr_page ocr_carea ocr_par ocr_line ocrx_word'/>
</head>
<body>
  <div class='ocr_page' id='page_1' title='image "./patrologiaecurs185unkngoog_0251.png"; bbox 0 0 4142 6175; ppageno 0'>
   <div class='ocr_carea' id='block_1_1' title="bbox 0 499 4 1733">
    <p class='ocr_par' dir='ltr' id='par_1_1' title="bbox 0 499 4 1733">
     <span class='ocr_line' id='line_1_1' title="bbox 0 499 4 1733; baseline 0 0"><span class='ocrx_word' id='word_1_1' title='bbox 0 499 4 1733; x_wconf 95' lang='lat' dir='ltr'> </span> 
     </span>
    </p>
   </div>
   <div class='ocr_carea' id='block_1_2' title="bbox 165 247 307 310">
    <p class='ocr_par' dir='ltr' id='par_1_2' title="bbox 165 247 307 310">
     <span class='ocr_line' id='line_1_2' title="bbox 165 247 307 310; baseline -0.042 0"><span class='ocrx_word' id='word_1_2' title='bbox 165 247 221 310; x_wconf 73' lang='grc'>115</span> <span class='ocrx_word' id='word_1_3' title='bbox 302 255 307 262; x_wconf 86' lang='grc'>’</span> 
     </span>
    </p>
   </div>
   <div class='ocr_carea' id='block_1_3' title="bbox 742 255 1241 326">
    <p class='ocr_par' dir='ltr' id='par_1_3' title="bbox 742 255 1241 326">
     <span class='ocr_line' id='line_1_3' title="bbox 742 255 1241 326; baseline 0.02 -12"><span class='ocrx_word' id='word_1_4' title='bbox 742 255 846 314; x_wconf 79' lang='lat' dir='ltr'>bresit</span> <span class='ocrx_word' id='word_1_5' title='bbox 865 257 900 322; x_wconf 81' lang='grc'>11.</span> <span class='ocrx_word' id='word_1_6' title='bbox 922 256 1130 323; x_wconf 73' lang='lat' dir='ltr'>emutatus</span> <span class='ocrx_word' id='word_1_7' title='bbox 1150 265 1241 326; x_wconf 81' lang='lat' dir='ltr'>xtttt.</span> 
     </span>
    </p>
   </div>
   <div class='ocr_carea' id='block_1_4' title="bbox 1767 283 1820 340">
    <p class='ocr_par' dir='ltr' id='par_1_4' title="bbox 1767 283 1820 340">
     <span class='ocr_line' id='line_1_4' title="bbox 1767 283 1820 340; baseline -0.038 -2"><span class='ocrx_word' id='word_1_8' title='bbox 1767 283 1820 340; x_wconf 82' lang='lat' dir='ltr'>titt</span> 
     </span>
    </p>
   </div>
   <div class='ocr_carea' id='block_1_5' title="bbox 166 363 1821 459">
    <p class='ocr_par' dir='ltr' id='par_1_5' title="bbox 166 363 1821 459">
     <span class='ocr_line' id='line_1_5' title="bbox 166 363 1821 459; baseline 0.018 -38"><span class='ocrx_word' id='word_1_9' title='bbox 166 363 295 436; x_wconf 79' lang='lat' dir='ltr'>Christo,</span> <span class='ocrx_word' id='word_1_10' title='bbox 322 367 565 444; x_wconf 82' lang='lat' dir='ltr'>florentissimique</span> <span class='ocrx_word' id='word_1_11' title='bbox 588 371 712 430; x_wconf 79' lang='lat' dir='ltr'>hodierni</span> <span class='ocrx_word' id='word_1_12' title='bbox 737 373 869 445; x_wconf 83' lang='lat' dir='ltr'>spiritalis</span> <span class='ocrx_word' id='word_1_13' title='bbox 892 382 970 430; x_wconf 89' lang='lat' dir='ltr'>ortus</span> <span class='ocrx_word' id='word_1_14' title='bbox 985 376 1084 442; x_wconf 66' lang='lat' dir='ltr'>g‘dem</span> <span class='ocrx_word' id='word_1_15' title='bbox 1099 380 1177 438; x_wconf 87' lang='lat' dir='ltr'>vebis</span> <span class='ocrx_word' id='word_1_16' title='bbox 1192 381 1308 437; x_wconf 88' lang='lat' dir='ltr'>ulterius</span> <span class='ocrx_word' id='word_1_17' title='bbox 1331 395 1384 436; x_wconf 90' lang='lat' dir='ltr'>rien</span> <span class='ocrx_word' id='word_1_18' title='bbox 1406 380 1507 438; x_wconf 89' lang='lat' dir='ltr'>licebit.</span> <span class='ocrx_word' id='word_1_19' title='bbox 1524 382 1661 442; x_wconf 73' lang='lat' dir='ltr'><strong>Fortassis</strong></span> <span class='ocrx_word' id='word_1_20' title='bbox 1675 390 1821 459; x_wconf 74' lang='lat' dir='ltr'>requiratis</span> 
     </span>
    </p>
   </div>
   <div class='ocr_carea' id='block_1_6' title="bbox 164 449 968 1294">
    <p class='ocr_par' dir='ltr' id='par_1_6' title="bbox 164 449 968 1294">
     <span class='ocr_line' id='line_1_6' title="bbox 167 449 968 542; baseline 0.017 -30"><span class='ocrx_word' id='word_1_21' title='bbox 167 458 252 513; x_wconf 87' lang='lat' dir='ltr'>restri</span> <span class='ocrx_word' id='word_1_22' title='bbox 268 458 416 518; x_wconf 87' lang='lat' dir='ltr'>canderent</span> <span class='ocrx_word' id='word_1_23' title='bbox 430 478 467 520; x_wconf 90' lang='lat' dir='ltr'>ne</span> <span class='ocrx_word' id='word_1_24' title='bbox 478 478 532 533; x_wconf 85' lang='lat' dir='ltr'>quo</span> <span class='ocrx_word' id='word_1_25' title='bbox 545 465 626 542; x_wconf 69' lang='lat'>262</span> <span class='ocrx_word' id='word_1_26' title='bbox 640 449 719 538; x_wconf 84' lang='lat' dir='ltr'>pacto</span> <span class='ocrx_word' id='word_1_27' title='bbox 732 467 890 536; x_wconf 87' lang='lat' dir='ltr'>nraciiletis,</span> <span class='ocrx_word' id='word_1_28' title='bbox 905 483 968 539; x_wconf 88' lang='lat' dir='ltr'>per·</span> 
     </span>
     <span class='ocr_line' id='line_1_7' title="bbox 167 551 968 636; baseline 0.026 -36"><span class='ocrx_word' id='word_1_29' title='bbox 167 552 222 622; x_wconf 85' lang='lat' dir='ltr'>peti</span> <span class='ocrx_word' id='word_1_30' title='bbox 250 551 390 626; x_wconf 73' lang='lat' dir='ltr'>diligentia</span> <span class='ocrx_word' id='word_1_31' title='bbox 421 556 575 626; x_wconf 88' lang='lat' dir='ltr'>custodite;</span> <span class='ocrx_word' id='word_1_32' title='bbox 604 562 667 634; x_wconf 87' lang='lat' dir='ltr'>qnia</span> <span class='ocrx_word' id='word_1_33' title='bbox 691 559 733 636; x_wconf 74' lang='grc'>(1)</span> <span class='ocrx_word' id='word_1_34' title='bbox 759 563 845 618; x_wconf 88' lang='lat' dir='ltr'>nescit</span> <span class='ocrx_word' id='word_1_35' title='bbox 867 562 968 621; x_wconf 84' lang='lat' dir='ltr'>iterare</span> 
     </span>
     <span class='ocr_line' id='line_1_8' title="bbox 165 647 965 730; baseline 0.019 -30"><span class='ocrx_word' id='word_1_36' title='bbox 165 647 238 720; x_wconf 81' lang='lat' dir='ltr'>qnod</span> <span class='ocrx_word' id='word_1_37' title='bbox 259 657 381 720; x_wconf 80' lang='lat' dir='ltr'>prestat.</span> <span class='ocrx_word' id='word_1_38' title='bbox 407 649 478 707; x_wconf 84' lang='lat' dir='ltr'>Eece</span> <span class='ocrx_word' id='word_1_39' title='bbox 494 651 534 726; x_wconf 75' lang='grc'>(5)</span> <span class='ocrx_word' id='word_1_40' title='bbox 562 654 657 726; x_wconf 89' lang='lat' dir='ltr'>pueri,</span> <span class='ocrx_word' id='word_1_41' title='bbox 683 654 893 726; x_wconf 73' lang='lat' dir='ltr'><strong>adolescentes,</strong></span> <span class='ocrx_word' id='word_1_42' title='bbox 919 658 965 730; x_wconf 84' lang='lat' dir='ltr'>jn·</span> 
     </span>
     <span class='ocr_line' id='line_1_9' title="bbox 165 743 967 821; baseline 0.02 -27"><span class='ocrx_word' id='word_1_43' title='bbox 165 753 266 808; x_wconf 86' lang='lat' dir='ltr'>rencs,</span> <span class='ocrx_word' id='word_1_44' title='bbox 279 756 360 800; x_wconf 88' lang='lat' dir='ltr'>senes</span> <span class='ocrx_word' id='word_1_45' title='bbox 372 743 517 818; x_wconf 77' lang='lat' dir='ltr'>utriusque</span> <span class='ocrx_word' id='word_1_46' title='bbox 531 761 629 814; x_wconf 80' lang='lat' dir='ltr'>sexus,</span> <span class='ocrx_word' id='word_1_47' title='bbox 647 749 692 821; x_wconf 82' lang='lat' dir='ltr'>qui</span> <span class='ocrx_word' id='word_1_48' title='bbox 705 751 789 806; x_wconf 90' lang='lat' dir='ltr'>eratis</span> <span class='ocrx_word' id='word_1_49' title='bbox 802 752 861 820; x_wconf 88' lang='lat' dir='ltr'>rei,</span> <span class='ocrx_word' id='word_1_50' title='bbox 882 751 967 810; x_wconf 85' lang='lat' dir='ltr'>cratis</span> 
     </span>
     <span class='ocr_line' id='line_1_10' title="bbox 165 836 964 916; baseline 0.015 -25"><span class='ocrx_word' id='word_1_51' title='bbox 165 843 194 892; x_wconf 87' lang='lat' dir='ltr'>et</span> <span class='ocrx_word' id='word_1_52' title='bbox 208 836 354 904; x_wconf 89' lang='lat' dir='ltr'>immmrdi,</span> <span class='ocrx_word' id='word_1_53' title='bbox 378 838 420 914; x_wconf 71' lang='lat' dir='ltr'>(li</span> <span class='ocrx_word' id='word_1_54' title='bbox 434 842 571 898; x_wconf 89' lang='lat' dir='ltr'>mendene</span> <span class='ocrx_word' id='word_1_55' title='bbox 594 842 754 916; x_wconf 80' lang='lat' dir='ltr'>uetititete,</span> <span class='ocrx_word' id='word_1_56' title='bbox 775 854 869 902; x_wconf 88' lang='lat' dir='ltr'>centra</span> <span class='ocrx_word' id='word_1_57' title='bbox 890 846 964 903; x_wconf 90' lang='lat' dir='ltr'>omni</span> 
     </span>
     <span class='ocr_line' id='line_1_11' title="bbox 165 931 968 1011; baseline 0.012 -25"><span class='ocrx_word' id='word_1_58' title='bbox 165 939 244 987; x_wconf 85' lang='lat' dir='ltr'>reate</span> <span class='ocrx_word' id='word_1_59' title='bbox 256 931 314 1004; x_wconf 81' lang='lat' dir='ltr'>jain</span> <span class='ocrx_word' id='word_1_60' title='bbox 331 932 424 1000; x_wconf 89' lang='lat' dir='ltr'>liberi,</span> <span class='ocrx_word' id='word_1_61' title='bbox 438 934 532 994; x_wconf 88' lang='lat' dir='ltr'>mundi</span> <span class='ocrx_word' id='word_1_62' title='bbox 548 936 614 994; x_wconf 84' lang='lat' dir='ltr'>estis</span> <span class='ocrx_word' id='word_1_63' title='bbox 628 937 744 994; x_wconf 87' lang='lat' dir='ltr'>inientes</span> <span class='ocrx_word' id='word_1_64' title='bbox 759 956 765 994; x_wconf 90' lang='lat'>:</span> <span class='ocrx_word' id='word_1_65' title='bbox 780 948 824 1006; x_wconf 89' lang='lat' dir='ltr'>et,</span> <span class='ocrx_word' id='word_1_66' title='bbox 841 939 914 1011; x_wconf 79' lang='lat' dir='ltr'>need</span> <span class='ocrx_word' id='word_1_67' title='bbox 925 950 968 996; x_wconf 86' lang='lat' dir='ltr'>est</span> 
     </span>
     <span class='ocr_line' id='line_1_12' title="bbox 165 1026 967 1102; baseline 0.009 -21"><span class='ocrx_word' id='word_1_68' title='bbox 165 1026 347 1095; x_wconf 90' lang='lat' dir='ltr'>admirabile,</span> <span class='ocrx_word' id='word_1_69' title='bbox 362 1036 391 1086; x_wconf 88' lang='lat' dir='ltr'>et</span> <span class='ocrx_word' id='word_1_70' title='bbox 409 1037 534 1102; x_wconf 68' lang='lat' dir='ltr'>patent,</span> <span class='ocrx_word' id='word_1_71' title='bbox 548 1029 640 1088; x_wconf 91' lang='lat' dir='ltr'>subito</span> <span class='ocrx_word' id='word_1_72' title='bbox 665 1047 720 1088; x_wconf 90' lang='lat' dir='ltr'>une</span> <span class='ocrx_word' id='word_1_73' title='bbox 743 1044 883 1090; x_wconf 89' lang='lat' dir='ltr'>memento</span> <span class='ocrx_word' id='word_1_74' title='bbox 904 1032 967 1090; x_wconf 90' lang='lat' dir='ltr'>iacti</span> 
     </span>
     <span class='ocr_line' id='line_1_13' title="bbox 165 1119 968 1200; baseline 0.009 -22"><span class='ocrx_word' id='word_1_75' title='bbox 165 1119 295 1180; x_wconf 74' lang='lat' dir='ltr'>aetatibus</span> <span class='ocrx_word' id='word_1_76' title='bbox 309 1120 426 1180; x_wconf 81' lang='lat' dir='ltr'>dirmsis</span> <span class='ocrx_word' id='word_1_77' title='bbox 442 1123 567 1195; x_wconf 75' lang='lat' dir='ltr'>aquari.</span> <span class='ocrx_word' id='word_1_78' title='bbox 583 1124 636 1182; x_wconf 83' lang='lat' dir='ltr'>Sed</span> <span class='ocrx_word' id='word_1_79' title='bbox 651 1124 693 1200; x_wconf 80' lang='lat'>(5)</span> <span class='ocrx_word' id='word_1_80' title='bbox 707 1126 893 1184; x_wconf 72' lang='lat' dir='ltr'>curiositatem</span> <span class='ocrx_word' id='word_1_81' title='bbox 907 1142 968 1185; x_wconf 88' lang='lat' dir='ltr'>res-</span> 
     </span>
     <span class='ocr_line' id='line_1_14' title="bbox 164 1213 967 1294; baseline 0.002 -20"><span class='ocrx_word' id='word_1_82' title='bbox 164 1224 237 1274; x_wconf 76' lang='lat' dir='ltr'>trum</span> <span class='ocrx_word' id='word_1_83' title='bbox 251 1213 323 1280; x_wconf 87' lang='lat' dir='ltr'>bene</span> <span class='ocrx_word' id='word_1_84' title='bbox 342 1216 407 1276; x_wconf 88' lang='lat' dir='ltr'>riori</span> <span class='ocrx_word' id='word_1_85' title='bbox 422 1216 522 1274; x_wconf 82' lang='lat' dir='ltr'>veteris</span> <span class='ocrx_word' id='word_1_86' title='bbox 535 1216 599 1276; x_wconf 80' lang='lat' dir='ltr'>ritae</span> <span class='ocrx_word' id='word_1_87' title='bbox 611 1218 805 1290; x_wconf 85' lang='lat' dir='ltr'>irserpatione;</span> <span class='ocrx_word' id='word_1_88' title='bbox 822 1220 894 1293; x_wconf 81' lang='lat' dir='ltr'>qued</span> <span class='ocrx_word' id='word_1_89' title='bbox 906 1220 967 1294; x_wconf 84' lang='lat' dir='ltr'>qui-</span> 
     </span>
    </p>
   </div>
   <div class='ocr_carea' id='block_1_7' title="bbox 165 1349 971 1712">
    <p class='ocr_par' dir='ltr' id='par_1_7' title="bbox 165 1349 971 1712">
     <span class='ocr_line' id='line_1_15' title="bbox 168 1349 968 1426; baseline -0.001 -13"><span class='ocrx_word' id='word_1_90' title='bbox 168 1363 276 1421; x_wconf 88' lang='lat' dir='ltr'>eatnro,</span> <span class='ocrx_word' id='word_1_91' title='bbox 286 1353 354 1409; x_wconf 85' lang='lat' dir='ltr'>icrla</span> <span class='ocrx_word' id='word_1_92' title='bbox 368 1352 486 1409; x_wconf 77' lang='lat' dir='ltr'>reminds</span> <span class='ocrx_word' id='word_1_93' title='bbox 499 1353 609 1423; x_wconf 79' lang='lat' dir='ltr'>pasche</span> <span class='ocrx_word' id='word_1_94' title='bbox 631 1353 667 1410; x_wconf 80' lang='lat' dir='ltr'>ab</span> <span class='ocrx_word' id='word_1_95' title='bbox 685 1356 814 1426; x_wconf 84' lang='lat' dir='ltr'>epieenpn</span> <span class='ocrx_word' id='word_1_96' title='bbox 828 1349 968 1412; x_wconf 76' lang='lat' dir='ltr'>conferre·</span> 
     </span>
     <span class='ocr_line' id='line_1_16' title="bbox 167 1425 971 1498; baseline -0.004 -12"><span class='ocrx_word' id='word_1_97' title='bbox 167 1440 223 1486; x_wconf 85' lang='lat' dir='ltr'>ter.</span> <span class='ocrx_word' id='word_1_98' title='bbox 238 1426 279 1483; x_wconf 80' lang='lat' dir='ltr'>Ex</span> <span class='ocrx_word' id='word_1_99' title='bbox 292 1425 385 1481; x_wconf 87' lang='lat' dir='ltr'>meltis</span> <span class='ocrx_word' id='word_1_100' title='bbox 394 1425 456 1486; x_wconf 76' lang='lat' dir='ltr'>aliis</span> <span class='ocrx_word' id='word_1_101' title='bbox 468 1425 656 1491; x_wconf 76' lang='lat' dir='ltr'>documentis,</span> <span class='ocrx_word' id='word_1_102' title='bbox 670 1441 733 1497; x_wconf 74' lang='lat' dir='ltr'>uuae</span> <span class='ocrx_word' id='word_1_103' title='bbox 747 1427 893 1498; x_wconf 76' lang='lat' dir='ltr'>diiigenter</span> <span class='ocrx_word' id='word_1_104' title='bbox 909 1429 971 1484; x_wconf 89' lang='lat' dir='ltr'>coi-</span> 
     </span>
     <span class='ocr_line' id='line_1_17' title="bbox 165 1496 967 1572; baseline -0.004 -15"><span class='ocrx_word' id='word_1_105' title='bbox 165 1502 232 1572; x_wconf 87' lang='lat' dir='ltr'>legit</span> <span class='ocrx_word' id='word_1_106' title='bbox 247 1499 278 1554; x_wconf 85' lang='lat' dir='ltr'>P.</span> <span class='ocrx_word' id='word_1_107' title='bbox 295 1497 456 1558; x_wconf 81' lang='lat' dir='ltr'>Edeiuedee</span> <span class='ocrx_word' id='word_1_108' title='bbox 469 1496 589 1554; x_wconf 88' lang='lat' dir='ltr'>llarteeo</span> <span class='ocrx_word' id='word_1_109' title='bbox 601 1506 677 1566; x_wconf 91' lang='lat' dir='ltr'>parte</span> <span class='ocrx_word' id='word_1_110' title='bbox 692 1513 698 1552; x_wconf 95' lang='grc' dir='ltr'>ι</span> <span class='ocrx_word' id='word_1_111' title='bbox 711 1498 745 1554; x_wconf 89' lang='lat' dir='ltr'>de</span> <span class='ocrx_word' id='word_1_112' title='bbox 757 1498 849 1568; x_wconf 80' lang='lat' dir='ltr'>hetin.</span> <span class='ocrx_word' id='word_1_113' title='bbox 863 1500 967 1556; x_wconf 85' lang='lat' dir='ltr'>[iceles.</span> 
     </span>
     <span class='ocr_line' id='line_1_18' title="bbox 167 1565 970 1644; baseline -0.002 -16"><span class='ocrx_word' id='word_1_114' title='bbox 167 1572 276 1629; x_wconf 81' lang='lat' dir='ltr'>hiebus</span> <span class='ocrx_word' id='word_1_115' title='bbox 290 1584 352 1640; x_wconf 91' lang='lat' dir='ltr'>cap.</span> <span class='ocrx_word' id='word_1_116' title='bbox 363 1565 393 1634; x_wconf 76' lang='grc'>1,</span> <span class='ocrx_word' id='word_1_117' title='bbox 408 1576 459 1644; x_wconf 81' lang='lat' dir='ltr'>art.</span> <span class='ocrx_word' id='word_1_118' title='bbox 473 1569 486 1621; x_wconf 95' lang='lat' dir='ltr'>l</span> <span class='ocrx_word' id='word_1_119' title='bbox 501 1609 509 1634; x_wconf 91' lang='lat'>,</span> <span class='ocrx_word' id='word_1_120' title='bbox 527 1584 601 1623; x_wconf 88' lang='lat' dir='ltr'>tium.</span> <span class='ocrx_word' id='word_1_121' title='bbox 617 1568 673 1625; x_wconf 66' lang='lat' dir='ltr'>iet</span> <span class='ocrx_word' id='word_1_122' title='bbox 691 1569 725 1636; x_wconf 76' lang='grc'>1,</span> <span class='ocrx_word' id='word_1_123' title='bbox 751 1570 921 1639; x_wconf 73' lang='lat' dir='ltr'>certioratum</span> <span class='ocrx_word' id='word_1_124' title='bbox 940 1571 970 1626; x_wconf 85' lang='lat' dir='ltr'>tri</span> 
     </span>
     <span class='ocr_line' id='line_1_19' title="bbox 166 1639 968 1712; baseline 0.001 -16"><span class='ocrx_word' id='word_1_125' title='bbox 166 1643 235 1699; x_wconf 89' lang='lat' dir='ltr'>niitn</span> <span class='ocrx_word' id='word_1_126' title='bbox 246 1640 403 1712; x_wconf 82' lang='lat' dir='ltr'>episcopos,</span> <span class='ocrx_word' id='word_1_127' title='bbox 418 1653 481 1694; x_wconf 91' lang='lat' dir='ltr'>curn</span> <span class='ocrx_word' id='word_1_128' title='bbox 494 1639 667 1709; x_wconf 85' lang='lat' dir='ltr'>baptizabant</span> <span class='ocrx_word' id='word_1_129' title='bbox 677 1643 686 1708; x_wconf 92' lang='grc'><strong>(</strong></span> <span class='ocrx_word' id='word_1_130' title='bbox 694 1640 867 1705; x_wconf 68' lang='lat' dir='ltr'>baptizabant</span> <span class='ocrx_word' id='word_1_131' title='bbox 877 1651 968 1697; x_wconf 90' lang='lat' dir='ltr'>antem</span> 
     </span>
    </p>
   </div>
   <div class='ocr_carea' id='block_1_8' title="bbox 1019 473 1876 1301">
    <p class='ocr_par' dir='ltr' id='par_1_8' title="bbox 1019 473 1876 1301">
     <span class='ocr_line' id='line_1_20' title="bbox 1021 473 1820 553; baseline 0.016 -23"><span class='ocrx_word' id='word_1_132' title='bbox 1021 484 1050 530; x_wconf 90' lang='lat' dir='ltr'>et</span> <span class='ocrx_word' id='word_1_133' title='bbox 1064 488 1079 528; x_wconf 90' lang='lat' dir='ltr'>a</span> <span class='ocrx_word' id='word_1_134' title='bbox 1094 473 1184 544; x_wconf 89' lang='lat' dir='ltr'>nohis,</span> <span class='ocrx_word' id='word_1_135' title='bbox 1199 491 1251 547; x_wconf 77' lang='lat' dir='ltr'>qna</span> <span class='ocrx_word' id='word_1_136' title='bbox 1266 473 1388 546; x_wconf 87' lang='lat' dir='ltr'>genitura</span> <span class='ocrx_word' id='word_1_137' title='bbox 1399 514 1407 541; x_wconf 97' lang='lat'>,</span> <span class='ocrx_word' id='word_1_138' title='bbox 1420 488 1508 544; x_wconf 84' lang='lat' dir='ltr'>qrierc</span> <span class='ocrx_word' id='word_1_139' title='bbox 1519 475 1597 546; x_wconf 86' lang='lat' dir='ltr'>sigeo</span> <span class='ocrx_word' id='word_1_140' title='bbox 1614 488 1668 535; x_wconf 88' lang='lat' dir='ltr'>tam</span> <span class='ocrx_word' id='word_1_141' title='bbox 1683 480 1820 553; x_wconf 77' lang='lat' dir='ltr'>dirersoS,</span> 
     </span>
     <span class='ocr_line' id='line_1_21' title="bbox 1022 568 1822 640; baseline 0.019 -18"><span class='ocrx_word' id='word_1_142' title='bbox 1022 573 1077 622; x_wconf 91' lang='lat' dir='ltr'>tani</span> <span class='ocrx_word' id='word_1_143' title='bbox 1093 568 1203 638; x_wconf 87' lang='lat' dir='ltr'>plnres,</span> <span class='ocrx_word' id='word_1_144' title='bbox 1221 581 1274 623; x_wconf 90' lang='lat' dir='ltr'>tam</span> <span class='ocrx_word' id='word_1_145' title='bbox 1287 568 1410 639; x_wconf 78' lang='lat' dir='ltr'>dispares</span> <span class='ocrx_word' id='word_1_146' title='bbox 1431 582 1484 621; x_wconf 90' lang='lat' dir='ltr'>eea</span> <span class='ocrx_word' id='word_1_147' title='bbox 1498 583 1552 624; x_wconf 92' lang='lat' dir='ltr'>ene</span> <span class='ocrx_word' id='word_1_148' title='bbox 1567 582 1645 640; x_wconf 92' lang='lat' dir='ltr'>partu</span> <span class='ocrx_word' id='word_1_149' title='bbox 1660 585 1750 634; x_wconf 84' lang='lat' dir='ltr'>restra</span> <span class='ocrx_word' id='word_1_150' title='bbox 1773 594 1822 638; x_wconf 87' lang='lat' dir='ltr'>tos</span> 
     </span>
     <span class='ocr_line' id='line_1_22' title="bbox 1022 653 1823 738; baseline 0.02 -23"><span class='ocrx_word' id='word_1_151' title='bbox 1022 664 1127 732; x_wconf 89' lang='lat' dir='ltr'>peperit</span> <span class='ocrx_word' id='word_1_152' title='bbox 1141 674 1236 720; x_wconf 88' lang='lat' dir='ltr'>mater.</span> <span class='ocrx_word' id='word_1_153' title='bbox 1251 662 1327 720; x_wconf 89' lang='lat' dir='ltr'>Sicut</span> <span class='ocrx_word' id='word_1_154' title='bbox 1342 663 1463 735; x_wconf 84' lang='lat' dir='ltr'>parentia</span> <span class='ocrx_word' id='word_1_155' title='bbox 1483 679 1586 721; x_wconf 90' lang='lat' dir='ltr'>morem</span> <span class='ocrx_word' id='word_1_156' title='bbox 1601 653 1715 738; x_wconf 79' lang='lat' dir='ltr'>geram,</span> <span class='ocrx_word' id='word_1_157' title='bbox 1736 674 1823 732; x_wconf 66' lang='lat' dir='ltr'>sacri</span> 
     </span>
     <span class='ocr_line' id='line_1_23' title="bbox 1021 755 1765 831; baseline 0.013 -19"><span class='ocrx_word' id='word_1_158' title='bbox 1021 772 1074 827; x_wconf 83' lang='lat' dir='ltr'>pue</span> <span class='ocrx_word' id='word_1_159' title='bbox 1083 755 1124 831; x_wconf 84' lang='lat' dir='ltr'>(o)</span> <span class='ocrx_word' id='word_1_160' title='bbox 1140 757 1286 830; x_wconf 83' lang='lat' dir='ltr'>horoscopi</span> <span class='ocrx_word' id='word_1_161' title='bbox 1299 757 1415 829; x_wconf 87' lang='lat' dir='ltr'>paridam</span> <span class='ocrx_word' id='word_1_162' title='bbox 1431 767 1487 816; x_wconf 88' lang='lat' dir='ltr'>teta</span> <span class='ocrx_word' id='word_1_163' title='bbox 1501 758 1634 817; x_wconf 81' lang='lat' dir='ltr'>brevitate</span> <span class='ocrx_word' id='word_1_164' title='bbox 1647 774 1765 822; x_wconf 82' lang='lat' dir='ltr'>secreta.</span> 
     </span>
     <span class='ocr_line' id='line_1_24' title="bbox 1057 847 1820 922; baseline 0.016 -20"><span class='ocrx_word' id='word_1_165' title='bbox 1057 847 1178 922; x_wconf 65' lang='lat' dir='ltr'>mil.</span> <span class='ocrx_word' id='word_1_166' title='bbox 1193 849 1287 920; x_wconf 83' lang='lat' dir='ltr'>lgiter,</span> <span class='ocrx_word' id='word_1_167' title='bbox 1311 849 1428 918; x_wconf 83' lang='lat' dir='ltr'>iratres,</span> <span class='ocrx_word' id='word_1_168' title='bbox 1452 856 1561 920; x_wconf 85' lang='lat' dir='ltr'>genesis</span> <span class='ocrx_word' id='word_1_169' title='bbox 1581 853 1642 910; x_wconf 83' lang='lat' dir='ltr'>cilis</span> <span class='ocrx_word' id='word_1_170' title='bbox 1663 867 1705 912; x_wconf 88' lang='lat' dir='ltr'>est</span> <span class='ocrx_word' id='word_1_171' title='bbox 1719 871 1820 918; x_wconf 84' lang='lat' dir='ltr'>restra.</span> 
     </span>
     <span class='ocr_line' id='line_1_25' title="bbox 1022 937 1821 1020; baseline 0.02 -27"><span class='ocrx_word' id='word_1_172' title='bbox 1022 937 1063 1012; x_wconf 77' lang='lat' dir='ltr'>(ti</span> <span class='ocrx_word' id='word_1_173' title='bbox 1080 940 1187 998; x_wconf 89' lang='lat' dir='ltr'>Primus</span> <span class='ocrx_word' id='word_1_174' title='bbox 1200 941 1346 1012; x_wconf 85' lang='lat' dir='ltr'>ios,qeiie</span> <span class='ocrx_word' id='word_1_175' title='bbox 1356 955 1386 998; x_wconf 82' lang='lat' dir='ltr'>sc</span> <span class='ocrx_word' id='word_1_176' title='bbox 1395 940 1552 998; x_wconf 85' lang='lat' dir='ltr'>credentem</span> <span class='ocrx_word' id='word_1_177' title='bbox 1564 945 1693 1016; x_wconf 89' lang='lat' dir='ltr'>reprobat</span> <span class='ocrx_word' id='word_1_178' title='bbox 1703 949 1821 1020; x_wconf 85' lang='lat' dir='ltr'>uallum,</span> 
     </span>
     <span class='ocr_line' id='line_1_26' title="bbox 1020 1032 1876 1106; baseline 0.019 -21"><span class='ocrx_word' id='word_1_179' title='bbox 1020 1046 1073 1087; x_wconf 91' lang='lat' dir='ltr'>iren</span> <span class='ocrx_word' id='word_1_180' title='bbox 1089 1032 1178 1101; x_wconf 84' lang='lat' dir='ltr'>Aries,</span> <span class='ocrx_word' id='word_1_181' title='bbox 1195 1033 1243 1090; x_wconf 81' lang='lat' dir='ltr'>scd</span> <span class='ocrx_word' id='word_1_182' title='bbox 1259 1033 1353 1105; x_wconf 74' lang='lat' dir='ltr'>Agnes</span> <span class='ocrx_word' id='word_1_183' title='bbox 1364 1034 1471 1104; x_wconf 81' lang='lat' dir='ltr'>excepit</span> <span class='ocrx_word' id='word_1_184' title='bbox 1486 1050 1494 1087; x_wconf 82' lang='grc'>.·</span> <span class='ocrx_word' id='word_1_185' title='bbox 1512 1034 1557 1106; x_wconf 72' lang='lat' dir='ltr'>riui</span> <span class='ocrx_word' id='word_1_186' title='bbox 1580 1046 1696 1092; x_wconf 82' lang='lat' dir='ltr'>cestram</span> <span class='ocrx_word' id='word_1_187' title='bbox 1714 1042 1817 1100; x_wconf 83' lang='lat' dir='ltr'>nudita-</span> <span class='ocrx_word' id='word_1_188' title='bbox 1869 1065 1876 1074; x_wconf 90' lang='lat'><strong>·</strong></span> 
     </span>
     <span class='ocr_line' id='line_1_27' title="bbox 1020 1128 1821 1213; baseline 0.019 -31"><span class='ocrx_word' id='word_1_189' title='bbox 1020 1137 1074 1183; x_wconf 90' lang='lat' dir='ltr'>tem</span> <span class='ocrx_word' id='word_1_190' title='bbox 1087 1128 1196 1185; x_wconf 78' lang='lat' dir='ltr'>velleris</span> <span class='ocrx_word' id='word_1_191' title='bbox 1205 1130 1247 1185; x_wconf 93' lang='lat' dir='ltr'>sui</span> <span class='ocrx_word' id='word_1_192' title='bbox 1262 1129 1342 1185; x_wconf 86' lang='lat' dir='ltr'>iriiee</span> <span class='ocrx_word' id='word_1_193' title='bbox 1352 1128 1472 1186; x_wconf 89' lang='lat' dir='ltr'>candere</span> <span class='ocrx_word' id='word_1_194' title='bbox 1484 1131 1611 1186; x_wconf 83' lang='lat' dir='ltr'>restitit:</span> <span class='ocrx_word' id='word_1_195' title='bbox 1628 1136 1674 1205; x_wconf 87' lang='lat' dir='ltr'>qui</span> <span class='ocrx_word' id='word_1_196' title='bbox 1686 1150 1765 1194; x_wconf 88' lang='lat' dir='ltr'>suein</span> <span class='ocrx_word' id='word_1_197' title='bbox 1779 1141 1821 1213; x_wconf 77' lang='lat'>(8)</span> 
     </span>
     <span class='ocr_line' id='line_1_28' title="bbox 1019 1218 1822 1301; baseline 0.022 -28"><span class='ocrx_word' id='word_1_198' title='bbox 1019 1218 1061 1277; x_wconf 90' lang='lat' dir='ltr'>lac</span> <span class='ocrx_word' id='word_1_199' title='bbox 1072 1220 1180 1278; x_wconf 88' lang='lat' dir='ltr'>beatem</span> <span class='ocrx_word' id='word_1_200' title='bbox 1192 1221 1283 1294; x_wconf 86' lang='lat' dir='ltr'>ragita</span> <span class='ocrx_word' id='word_1_201' title='bbox 1296 1221 1434 1278; x_wconf 79' lang='lat' dir='ltr'>hiantibus</span> <span class='ocrx_word' id='word_1_202' title='bbox 1444 1223 1542 1279; x_wconf 85' lang='lat' dir='ltr'>restris</span> <span class='ocrx_word' id='word_1_203' title='bbox 1553 1223 1636 1281; x_wconf 89' lang='lat' dir='ltr'>labris</span> <span class='ocrx_word' id='word_1_204' title='bbox 1646 1225 1822 1301; x_wconf 86' lang='lat' dir='ltr'>indulgenter</span> 
     </span>
    </p>
   </div>
   <div class='ocr_carea' id='block_1_9' title="bbox 1022 1354 1823 1714">
    <p class='ocr_par' dir='ltr' id='par_1_9' title="bbox 1022 1354 1823 1714">
     <span class='ocr_line' id='line_1_29' title="bbox 1022 1354 1823 1432; baseline 0.016 -24"><span class='ocrx_word' id='word_1_205' title='bbox 1022 1354 1085 1409; x_wconf 85' lang='lat' dir='ltr'>urbe</span> <span class='ocrx_word' id='word_1_206' title='bbox 1097 1358 1169 1426; x_wconf 85' lang='lat' dir='ltr'>pusii</span> <span class='ocrx_word' id='word_1_207' title='bbox 1180 1367 1241 1412; x_wconf 86' lang='lat' dir='ltr'>eunt</span> <span class='ocrx_word' id='word_1_208' title='bbox 1245 1397 1312 1414; x_wconf 85' lang='lat'>......</span> <span class='ocrx_word' id='word_1_209' title='bbox 1332 1356 1426 1412; x_wconf 78' lang='lat' dir='ltr'>terent</span> <span class='ocrx_word' id='word_1_210' title='bbox 1441 1358 1518 1412; x_wconf 88' lang='lat' dir='ltr'>etiem</span> <span class='ocrx_word' id='word_1_211' title='bbox 1530 1358 1567 1413; x_wconf 84' lang='lat' dir='ltr'>ihi</span> <span class='ocrx_word' id='word_1_212' title='bbox 1589 1369 1612 1414; x_wconf 89' lang='lat' dir='ltr'>et</span> <span class='ocrx_word' id='word_1_213' title='bbox 1624 1378 1735 1432; x_wconf 87' lang='lat' dir='ltr'>corpore</span> <span class='ocrx_word' id='word_1_214' title='bbox 1747 1384 1823 1424; x_wconf 83' lang='lat' dir='ltr'>eane·</span> 
     </span>
     <span class='ocr_line' id='line_1_30' title="bbox 1023 1429 1821 1506; baseline 0.019 -26"><span class='ocrx_word' id='word_1_215' title='bbox 1023 1436 1108 1481; x_wconf 88' lang='lat' dir='ltr'>torem</span> <span class='ocrx_word' id='word_1_216' title='bbox 1120 1430 1273 1501; x_wconf 75' lang='lat' dir='ltr'>pontificum</span> <span class='ocrx_word' id='word_1_217' title='bbox 1291 1429 1406 1499; x_wconf 77' lang='lat' dir='ltr'>ejusdem</span> <span class='ocrx_word' id='word_1_218' title='bbox 1427 1430 1497 1485; x_wconf 73' lang='lat' dir='ltr'>urbii</span> <span class='ocrx_word' id='word_1_219' title='bbox 1512 1432 1659 1500; x_wconf 76' lang='lat' dir='ltr'>Simplicii,</span> <span class='ocrx_word' id='word_1_220' title='bbox 1685 1434 1821 1506; x_wconf 87' lang='lat' dir='ltr'>Petronii,</span> 
     </span>
     <span class='ocr_line' id='line_1_31' title="bbox 1022 1497 1820 1577; baseline 0.02 -26"><span class='ocrx_word' id='word_1_221' title='bbox 1022 1497 1185 1566; x_wconf 81' lang='lat' dir='ltr'>iunocentii,</span> <span class='ocrx_word' id='word_1_222' title='bbox 1215 1501 1366 1565; x_wconf 84' lang='lat' dir='ltr'>Seitaterii,</span> <span class='ocrx_word' id='word_1_223' title='bbox 1392 1499 1506 1567; x_wconf 81' lang='lat' dir='ltr'>Felicis,</span> <span class='ocrx_word' id='word_1_224' title='bbox 1533 1501 1689 1572; x_wconf 82' lang='lat' dir='ltr'>Gaudentii,</span> <span class='ocrx_word' id='word_1_225' title='bbox 1718 1508 1820 1577; x_wconf 85' lang='lat' dir='ltr'>Probi,</span> 
     </span>
     <span class='ocr_line' id='line_1_32' title="bbox 1023 1569 1819 1644; baseline 0.014 -22"><span class='ocrx_word' id='word_1_226' title='bbox 1023 1569 1182 1630; x_wconf 79' lang='lat' dir='ltr'>Andronici.</span> <span class='ocrx_word' id='word_1_227' title='bbox 1199 1571 1315 1634; x_wconf 79' lang='lat' dir='ltr'>Salpini,</span> <span class='ocrx_word' id='word_1_228' title='bbox 1335 1571 1446 1634; x_wconf 80' lang='lat' dir='ltr'>llurnrr,</span> <span class='ocrx_word' id='word_1_229' title='bbox 1460 1572 1557 1636; x_wconf 80' lang='lat' dir='ltr'>lineri,</span> <span class='ocrx_word' id='word_1_230' title='bbox 1573 1573 1694 1644; x_wconf 78' lang='lat' dir='ltr'>donariis,</span> <span class='ocrx_word' id='word_1_231' title='bbox 1710 1581 1819 1639; x_wconf 77' lang='lat' dir='ltr'>Abarin</span> 
     </span>
     <span class='ocr_line' id='line_1_33' title="bbox 1022 1640 1820 1714; baseline 0.016 -21"><span class='ocrx_word' id='word_1_232' title='bbox 1022 1641 1080 1704; x_wconf 83' lang='lat' dir='ltr'>dri,</span> <span class='ocrx_word' id='word_1_233' title='bbox 1098 1653 1121 1695; x_wconf 89' lang='lat' dir='ltr'>et</span> <span class='ocrx_word' id='word_1_234' title='bbox 1144 1640 1290 1708; x_wconf 78' lang='lat' dir='ltr'>Moderati,</span> <span class='ocrx_word' id='word_1_235' title='bbox 1309 1653 1332 1696; x_wconf 89' lang='lat' dir='ltr'>et</span> <span class='ocrx_word' id='word_1_236' title='bbox 1355 1644 1465 1697; x_wconf 84' lang='lat' dir='ltr'>aliorum</span> <span class='ocrx_word' id='word_1_237' title='bbox 1486 1645 1613 1714; x_wconf 81' lang='lat' dir='ltr'>pirntnnr.</span> <span class='ocrx_word' id='word_1_238' title='bbox 1634 1649 1672 1703; x_wconf 88' lang='lat' dir='ltr'>lle</span> <span class='ocrx_word' id='word_1_239' title='bbox 1692 1651 1735 1706; x_wconf 87' lang='lat' dir='ltr'>liis</span> <span class='ocrx_word' id='word_1_240' title='bbox 1756 1654 1820 1710; x_wconf 88' lang='lat' dir='ltr'>iterii</span> 
     </span>
    </p>
   </div>
   <div class='ocr_carea' id='block_1_10' title="bbox 165 1710 1823 3009">
    <p class='ocr_par' dir='ltr' id='par_1_10' title="bbox 166 1710 1823 2214">
     <span class='ocr_line' id='line_1_34' title="bbox 167 1710 1822 1788; baseline 0.002 -18"><span class='ocrx_word' id='word_1_241' title='bbox 167 1716 226 1773; x_wconf 88' lang='lat' dir='ltr'>iere</span> <span class='ocrx_word' id='word_1_242' title='bbox 238 1716 310 1768; x_wconf 88' lang='lat' dir='ltr'>inter</span> <span class='ocrx_word' id='word_1_243' title='bbox 329 1714 386 1781; x_wconf 90' lang='lat' dir='ltr'>ipsa</span> <span class='ocrx_word' id='word_1_244' title='bbox 401 1710 534 1767; x_wconf 89' lang='lat' dir='ltr'>solemnia</span> <span class='ocrx_word' id='word_1_245' title='bbox 547 1711 599 1767; x_wconf 90' lang='lat' dir='ltr'>diei</span> <span class='ocrx_word' id='word_1_246' title='bbox 615 1712 769 1781; x_wconf 85' lang='lat' dir='ltr'>paschatis,</span> <span class='ocrx_word' id='word_1_247' title='bbox 790 1729 851 1782; x_wconf 75' lang='lat' dir='ltr'>qttae</span> <span class='ocrx_word' id='word_1_248' title='bbox 870 1714 967 1770; x_wconf 81' lang='lat' dir='ltr'>asab-</span> <span class='ocrx_word' id='word_1_249' title='bbox 1023 1713 1186 1785; x_wconf 82' lang='lat' dir='ltr'>llartyribus</span> <span class='ocrx_word' id='word_1_250' title='bbox 1200 1716 1309 1784; x_wconf 83' lang='lat' dir='ltr'>atitiqrra</span> <span class='ocrx_word' id='word_1_251' title='bbox 1326 1715 1468 1784; x_wconf 83' lang='lat' dir='ltr'>inscriptio</span> <span class='ocrx_word' id='word_1_252' title='bbox 1483 1730 1609 1788; x_wconf 79' lang='lat' dir='ltr'>superest</span> <span class='ocrx_word' id='word_1_253' title='bbox 1624 1721 1649 1772; x_wconf 88' lang='lat' dir='ltr'>in</span> <span class='ocrx_word' id='word_1_254' title='bbox 1667 1721 1761 1778; x_wconf 85' lang='lat' dir='ltr'>cedern</span> <span class='ocrx_word' id='word_1_255' title='bbox 1773 1743 1822 1780; x_wconf 73' lang='lat' dir='ltr'>aa·</span> 
     </span>
     <span class='ocr_line' id='line_1_35' title="bbox 167 1774 1822 1862; baseline 0.007 -21"><span class='ocrx_word' id='word_1_256' title='bbox 167 1789 225 1844; x_wconf 88' lang='lat' dir='ltr'>bati</span> <span class='ocrx_word' id='word_1_257' title='bbox 241 1785 327 1840; x_wconf 84' lang='lat' dir='ltr'>sancti</span> <span class='ocrx_word' id='word_1_258' title='bbox 353 1783 496 1854; x_wconf 84' lang='lat' dir='ltr'>peruigilio</span> <span class='ocrx_word' id='word_1_259' title='bbox 508 1781 702 1854; x_wconf 81' lang='lat' dir='ltr'>incipiebant),</span> <span class='ocrx_word' id='word_1_260' title='bbox 718 1783 814 1839; x_wconf 87' lang='lat' dir='ltr'>endem</span> <span class='ocrx_word' id='word_1_261' title='bbox 834 1786 879 1840; x_wconf 89' lang='lat' dir='ltr'>iiie</span> <span class='ocrx_word' id='word_1_262' title='bbox 898 1800 969 1840; x_wconf 90' lang='lat' dir='ltr'>sem·</span> <span class='ocrx_word' id='word_1_263' title='bbox 986 1774 1010 1842; x_wconf 85' lang='lat' dir='ltr'><strong>B</strong></span> <span class='ocrx_word' id='word_1_264' title='bbox 1024 1785 1122 1850; x_wconf 79' lang='lat' dir='ltr'>elesia;</span> <span class='ocrx_word' id='word_1_265' title='bbox 1139 1796 1166 1840; x_wconf 89' lang='lat' dir='ltr'>et</span> <span class='ocrx_word' id='word_1_266' title='bbox 1186 1796 1249 1841; x_wconf 85' lang='lat' dir='ltr'>serit</span> <span class='ocrx_word' id='word_1_267' title='bbox 1264 1786 1364 1841; x_wconf 85' lang='lat' dir='ltr'>diuersi</span> <span class='ocrx_word' id='word_1_268' title='bbox 1378 1801 1392 1840; x_wconf 92' lang='lat' dir='ltr'>a</span> <span class='ocrx_word' id='word_1_269' title='bbox 1408 1787 1584 1856; x_wconf 83' lang='lat' dir='ltr'>quadraginta</span> <span class='ocrx_word' id='word_1_270' title='bbox 1601 1789 1758 1850; x_wconf 76' lang='lat' dir='ltr'>sebastenis</span> <span class='ocrx_word' id='word_1_271' title='bbox 1771 1833 1780 1862; x_wconf 86' lang='lat'>,</span> <span class='ocrx_word' id='word_1_272' title='bbox 1792 1810 1822 1854; x_wconf 90' lang='lat' dir='ltr'>et</span> 
     </span>
     <span class='ocr_line' id='line_1_36' title="bbox 167 1854 1820 1930; baseline 0.004 -19"><span class='ocrx_word' id='word_1_273' title='bbox 167 1875 218 1930; x_wconf 88' lang='lat' dir='ltr'>per</span> <span class='ocrx_word' id='word_1_274' title='bbox 233 1873 285 1911; x_wconf 91' lang='lat' dir='ltr'>ena</span> <span class='ocrx_word' id='word_1_275' title='bbox 299 1871 360 1914; x_wconf 90' lang='lat' dir='ltr'>cum</span> <span class='ocrx_word' id='word_1_276' title='bbox 383 1855 517 1926; x_wconf 89' lang='lat' dir='ltr'>baptismo</span> <span class='ocrx_word' id='word_1_277' title='bbox 539 1854 683 1930; x_wconf 74' lang='lat' dir='ltr'>neophytis</span> <span class='ocrx_word' id='word_1_278' title='bbox 699 1871 762 1912; x_wconf 85' lang='lat' dir='ltr'>etex</span> <span class='ocrx_word' id='word_1_279' title='bbox 780 1865 808 1909; x_wconf 90' lang='lat' dir='ltr'>et</span> <span class='ocrx_word' id='word_1_280' title='bbox 823 1857 969 1911; x_wconf 88' lang='lat' dir='ltr'>cerrssrera-</span> <span class='ocrx_word' id='word_1_281' title='bbox 1021 1856 1180 1918; x_wconf 84' lang='lat' dir='ltr'>esdiierso,</span> <span class='ocrx_word' id='word_1_282' title='bbox 1192 1857 1237 1926; x_wconf 86' lang='lat' dir='ltr'>rpri</span> <span class='ocrx_word' id='word_1_283' title='bbox 1253 1865 1428 1928; x_wconf 86' lang='lat' dir='ltr'>utrorumque</span> <span class='ocrx_word' id='word_1_284' title='bbox 1439 1858 1605 1918; x_wconf 85' lang='lat' dir='ltr'>iestedictris</span> <span class='ocrx_word' id='word_1_285' title='bbox 1615 1865 1729 1930; x_wconf 78' lang='lat' dir='ltr'>medies,</span> <span class='ocrx_word' id='word_1_286' title='bbox 1739 1870 1820 1924; x_wconf 78' lang='lat' dir='ltr'>etiarn</span> 
     </span>
     <span class='ocr_line' id='line_1_37' title="bbox 166 1925 1821 2006; baseline 0.003 -22"><span class='ocrx_word' id='word_1_287' title='bbox 166 1932 270 1986; x_wconf 86' lang='lat' dir='ltr'>tionem</span> <span class='ocrx_word' id='word_1_288' title='bbox 283 1936 312 1983; x_wconf 89' lang='lat' dir='ltr'>et</span> <span class='ocrx_word' id='word_1_289' title='bbox 327 1926 524 1981; x_wconf 84' lang='lat' dir='ltr'>Eucharistiam</span> <span class='ocrx_word' id='word_1_290' title='bbox 539 1925 719 1982; x_wconf 83' lang='lat' dir='ltr'>ministrasse.</span> <span class='ocrx_word' id='word_1_291' title='bbox 731 1925 801 1994; x_wconf 82' lang='lat' dir='ltr'>Quid</span> <span class='ocrx_word' id='word_1_292' title='bbox 817 1927 896 1996; x_wconf 88' lang='lat' dir='ltr'>igiter</span> <span class='ocrx_word' id='word_1_293' title='bbox 907 1926 968 1983; x_wconf 84' lang='lat' dir='ltr'>heic</span> <span class='ocrx_word' id='word_1_294' title='bbox 1020 1941 1079 1997; x_wconf 64' lang='lat' dir='ltr'>erge</span> <span class='ocrx_word' id='word_1_295' title='bbox 1092 1928 1204 1981; x_wconf 85' lang='lat' dir='ltr'>eseiter.</span> <span class='ocrx_word' id='word_1_296' title='bbox 1228 1926 1306 1982; x_wconf 91' lang='lat' dir='ltr'>initio</span> <span class='ocrx_word' id='word_1_297' title='bbox 1327 1941 1417 1981; x_wconf 89' lang='lat' dir='ltr'>autem</span> <span class='ocrx_word' id='word_1_298' title='bbox 1442 1931 1585 1999; x_wconf 72' lang='lat' dir='ltr'>praesentis</span> <span class='ocrx_word' id='word_1_299' title='bbox 1602 1943 1732 1989; x_wconf 60' lang='lat' dir='ltr'>tractam,¹</span> <span class='ocrx_word' id='word_1_300' title='bbox 1751 1956 1821 2006; x_wconf 71' lang='lat' dir='ltr'>priris</span> 
     </span>
     <span class='ocr_line' id='line_1_38' title="bbox 167 1997 1823 2069; baseline 0.005 -13"><span class='ocrx_word' id='word_1_301' title='bbox 167 1999 344 2056; x_wconf 80' lang='lat' dir='ltr'>conicientie</span> <span class='ocrx_word' id='word_1_302' title='bbox 358 2001 385 2054; x_wconf 90' lang='lat' dir='ltr'>iii</span> <span class='ocrx_word' id='word_1_303' title='bbox 397 1998 494 2053; x_wconf 84' lang='lat' dir='ltr'>ieriam</span> <span class='ocrx_word' id='word_1_304' title='bbox 510 1997 647 2066; x_wconf 84' lang='lat' dir='ltr'>paschatis</span> <span class='ocrx_word' id='word_1_305' title='bbox 659 1997 807 2052; x_wconf 82' lang='lat' dir='ltr'>sectandam</span> <span class='ocrx_word' id='word_1_306' title='bbox 824 1999 967 2069; x_wconf 79' lang='lat' dir='ltr'>rejicitur?</span> <span class='ocrx_word' id='word_1_307' title='bbox 1019 1999 1157 2052; x_wconf 80' lang='lat' dir='ltr'>aethereum</span> <span class='ocrx_word' id='word_1_308' title='bbox 1172 2009 1272 2069; x_wconf 78' lang='lat' dir='ltr'>pentem</span> <span class='ocrx_word' id='word_1_309' title='bbox 1285 2013 1381 2054; x_wconf 88' lang='lat' dir='ltr'>auctor</span> <span class='ocrx_word' id='word_1_310' title='bbox 1394 2012 1490 2064; x_wconf 77' lang='lat' dir='ltr'>ruerit,</span> <span class='ocrx_word' id='word_1_311' title='bbox 1514 2002 1563 2057; x_wconf 84' lang='lat' dir='ltr'>hes</span> <span class='ocrx_word' id='word_1_312' title='bbox 1578 2014 1656 2060; x_wconf 89' lang='lat' dir='ltr'>tract.</span> <span class='ocrx_word' id='word_1_313' title='bbox 1681 2006 1718 2063; x_wconf 77' lang='lat' dir='ltr'>at</span> <span class='ocrx_word' id='word_1_314' title='bbox 1734 2011 1823 2066; x_wconf 81' lang='lat' dir='ltr'>oetlre-</span> 
     </span>
     <span class='ocr_line' id='line_1_39' title="bbox 166 2069 1822 2144; baseline 0.007 -16"><span class='ocrx_word' id='word_1_315' title='bbox 166 2072 241 2144; x_wconf 82' lang='lat' dir='ltr'>quoti</span> <span class='ocrx_word' id='word_1_316' title='bbox 264 2079 355 2127; x_wconf 85' lang='lat' dir='ltr'>tamen</span> <span class='ocrx_word' id='word_1_317' title='bbox 371 2077 577 2126; x_wconf 81' lang='lat' dir='ltr'>mairomontem</span> <span class='ocrx_word' id='word_1_318' title='bbox 598 2069 631 2123; x_wconf 87' lang='lat' dir='ltr'>ad</span> <span class='ocrx_word' id='word_1_319' title='bbox 647 2079 772 2126; x_wconf 85' lang='lat' dir='ltr'>octavum</span> <span class='ocrx_word' id='word_1_320' title='bbox 793 2069 901 2126; x_wconf 88' lang='lat' dir='ltr'>circiter</span> <span class='ocrx_word' id='word_1_321' title='bbox 913 2086 967 2125; x_wconf 83' lang='lat' dir='ltr'>sre-</span> <span class='ocrx_word' id='word_1_322' title='bbox 1019 2080 1144 2125; x_wconf 79' lang='lat' dir='ltr'>renuente</span> <span class='ocrx_word' id='word_1_323' title='bbox 1162 2073 1264 2126; x_wconf 85' lang='lat' dir='ltr'>uertitur</span> <span class='ocrx_word' id='word_1_324' title='bbox 1277 2071 1406 2142; x_wconf 77' lang='lat' dir='ltr'>prodidit</span> <span class='ocrx_word' id='word_1_325' title='bbox 1426 2072 1492 2130; x_wconf 87' lang='lat' dir='ltr'>llide</span> <span class='ocrx_word' id='word_1_326' title='bbox 1507 2089 1566 2143; x_wconf 74' lang='lat' dir='ltr'>tinae</span> <span class='ocrx_word' id='word_1_327' title='bbox 1582 2072 1683 2132; x_wconf 87' lang='lat' dir='ltr'>ibidem</span> <span class='ocrx_word' id='word_1_328' title='bbox 1707 2095 1822 2139; x_wconf 87' lang='lat' dir='ltr'>arrecta·</span> 
     </span>
     <span class='ocr_line' id='line_1_40' title="bbox 167 2139 1119 2214; baseline -0.006 -13"><span class='ocrx_word' id='word_1_329' title='bbox 167 2145 261 2201; x_wconf 89' lang='lat' dir='ltr'>erilem</span> <span class='ocrx_word' id='word_1_330' title='bbox 275 2142 436 2214; x_wconf 83' lang='lat' dir='ltr'>pertinens,</span> <span class='ocrx_word' id='word_1_331' title='bbox 459 2156 512 2198; x_wconf 91' lang='lat' dir='ltr'>non</span> <span class='ocrx_word' id='word_1_332' title='bbox 530 2139 599 2196; x_wconf 92' lang='lat' dir='ltr'>adeo</span> <span class='ocrx_word' id='word_1_333' title='bbox 614 2156 703 2198; x_wconf 83' lang='lat' dir='ltr'>sereni</span> <span class='ocrx_word' id='word_1_334' title='bbox 719 2150 776 2204; x_wconf 88' lang='lat' dir='ltr'>est,</span> <span class='ocrx_word' id='word_1_335' title='bbox 792 2152 821 2196; x_wconf 90' lang='lat' dir='ltr'>et</span> <span class='ocrx_word' id='word_1_336' title='bbox 836 2151 966 2197; x_wconf 85' lang='lat' dir='ltr'>inritatam</span> <span class='ocrx_word' id='word_1_337' title='bbox 1020 2140 1119 2198; x_wconf 85' lang='lat' dir='ltr'>eirirus.</span> 
     </span>
    </p>

    <p class='ocr_par' dir='ltr' id='par_1_11' title="bbox 166 2209 1821 2496">
     <span class='ocr_line' id='line_1_41' title="bbox 167 2209 1821 2294; baseline 0.007 -26"><span class='ocrx_word' id='word_1_338' title='bbox 167 2217 222 2272; x_wconf 85' lang='lat' dir='ltr'>irac</span> <span class='ocrx_word' id='word_1_339' title='bbox 244 2222 405 2284; x_wconf 83' lang='lat' dir='ltr'>tempestate</span> <span class='ocrx_word' id='word_1_340' title='bbox 427 2227 487 2267; x_wconf 89' lang='lat' dir='ltr'>earn</span> <span class='ocrx_word' id='word_1_341' title='bbox 513 2211 682 2281; x_wconf 88' lang='lat' dir='ltr'>disciplinata</span> <span class='ocrx_word' id='word_1_342' title='bbox 708 2209 799 2268; x_wconf 86' lang='lat' dir='ltr'>dicere</span> <span class='ocrx_word' id='word_1_343' title='bbox 821 2222 965 2281; x_wconf 85' lang='lat' dir='ltr'>operteat,</span> <span class='ocrx_word' id='word_1_344' title='bbox 1056 2212 1095 2285; x_wconf 75' lang='grc'>(1)</span> <span class='ocrx_word' id='word_1_345' title='bbox 1117 2211 1168 2269; x_wconf 87' lang='lat' dir='ltr'>lis.</span> <span class='ocrx_word' id='word_1_346' title='bbox 1182 2211 1259 2280; x_wconf 80' lang='lat' dir='ltr'>um,</span> <span class='ocrx_word' id='word_1_347' title='bbox 1276 2215 1355 2268; x_wconf 86' lang='lat' dir='ltr'>nescit</span> <span class='ocrx_word' id='word_1_348' title='bbox 1369 2223 1463 2270; x_wconf 88' lang='lat' dir='ltr'>terrere.</span> <span class='ocrx_word' id='word_1_349' title='bbox 1481 2214 1547 2271; x_wconf 88' lang='lat' dir='ltr'>Nota</span> <span class='ocrx_word' id='word_1_350' title='bbox 1570 2215 1630 2275; x_wconf 91' lang='lat' dir='ltr'>heic</span> <span class='ocrx_word' id='word_1_351' title='bbox 1646 2236 1753 2294; x_wconf 79' lang='lat' dir='ltr'>quoque</span> <span class='ocrx_word' id='word_1_352' title='bbox 1771 2243 1821 2280; x_wconf 85' lang='lat' dir='ltr'>nri·</span> 
     </span>
     <span class='ocr_line' id='line_1_42' title="bbox 166 2282 1821 2365; baseline 0.007 -25"><span class='ocrx_word' id='word_1_353' title='bbox 166 2301 250 2350; x_wconf 80' lang='lat' dir='ltr'>enain</span> <span class='ocrx_word' id='word_1_354' title='bbox 264 2300 299 2341; x_wconf 78' lang='lat' dir='ltr'>ex</span> <span class='ocrx_word' id='word_1_355' title='bbox 319 2285 443 2354; x_wconf 84' lang='lat' dir='ltr'>pleribus</span> <span class='ocrx_word' id='word_1_356' title='bbox 462 2283 526 2339; x_wconf 83' lang='lat' dir='ltr'>aliis</span> <span class='ocrx_word' id='word_1_357' title='bbox 537 2284 655 2339; x_wconf 82' lang='lat' dir='ltr'>testibus</span> <span class='ocrx_word' id='word_1_358' title='bbox 678 2282 712 2337; x_wconf 92' lang='lat' dir='ltr'>ab</span> <span class='ocrx_word' id='word_1_359' title='bbox 732 2283 828 2339; x_wconf 76' lang='lat' dir='ltr'>mdetrt</span> <span class='ocrx_word' id='word_1_360' title='bbox 844 2284 967 2340; x_wconf 83' lang='lat' dir='ltr'>Martene</span> <span class='ocrx_word' id='word_1_361' title='bbox 1018 2298 1082 2337; x_wconf 76' lang='lat' dir='ltr'>virm</span> <span class='ocrx_word' id='word_1_362' title='bbox 1105 2286 1308 2349; x_wconf 89' lang='lat' dir='ltr'>testimoninm,</span> <span class='ocrx_word' id='word_1_363' title='bbox 1324 2295 1378 2356; x_wconf 80' lang='lat' dir='ltr'>qne</span> <span class='ocrx_word' id='word_1_364' title='bbox 1393 2286 1527 2357; x_wconf 89' lang='lat' dir='ltr'>baptisma</span> <span class='ocrx_word' id='word_1_365' title='bbox 1550 2289 1643 2346; x_wconf 87' lang='lat' dir='ltr'>iterari</span> <span class='ocrx_word' id='word_1_366' title='bbox 1665 2309 1718 2348; x_wconf 90' lang='lat' dir='ltr'>noir</span> <span class='ocrx_word' id='word_1_367' title='bbox 1740 2311 1821 2365; x_wconf 87' lang='lat' dir='ltr'>pesse</span> 
     </span>
     <span class='ocr_line' id='line_1_43' title="bbox 168 2355 1820 2440; baseline 0.005 -26"><span class='ocrx_word' id='word_1_368' title='bbox 168 2358 271 2414; x_wconf 82' lang='lat' dir='ltr'>ibidem</span> <span class='ocrx_word' id='word_1_369' title='bbox 285 2357 376 2412; x_wconf 79' lang='lat' dir='ltr'>allatis</span> <span class='ocrx_word' id='word_1_370' title='bbox 391 2356 417 2410; x_wconf 90' lang='lat' dir='ltr'>iti</span> <span class='ocrx_word' id='word_1_371' title='bbox 430 2356 556 2423; x_wconf 77' lang='lat' dir='ltr'>terrinera</span> <span class='ocrx_word' id='word_1_372' title='bbox 573 2355 674 2411; x_wconf 79' lang='lat' dir='ltr'>secuta</span> <span class='ocrx_word' id='word_1_373' title='bbox 695 2355 852 2422; x_wconf 90' lang='lat' dir='ltr'>productam</span> <span class='ocrx_word' id='word_1_374' title='bbox 869 2359 964 2424; x_wconf 77' lang='lat' dir='ltr'>iirpirct.</span> <span class='ocrx_word' id='word_1_375' title='bbox 1019 2355 1151 2410; x_wconf 88' lang='lat' dir='ltr'>innuitirr.</span> <span class='ocrx_word' id='word_1_376' title='bbox 1165 2355 1329 2414; x_wconf 78' lang='lat' dir='ltr'>llemieatiei</span> <span class='ocrx_word' id='word_1_377' title='bbox 1346 2357 1407 2412; x_wconf 86' lang='lat' dir='ltr'>loce</span> <span class='ocrx_word' id='word_1_378' title='bbox 1418 2360 1542 2415; x_wconf 74' lang='lat' dir='ltr'>hirristns</span> <span class='ocrx_word' id='word_1_379' title='bbox 1554 2362 1726 2431; x_wconf 86' lang='lat' dir='ltr'>subanditur,</span> <span class='ocrx_word' id='word_1_380' title='bbox 1740 2369 1820 2440; x_wconf 81' lang='lat' dir='ltr'>eujus</span> 
     </span>
     <span class='ocr_line' id='line_1_44' title="bbox 169 2424 1531 2496; baseline -0.002 -11"><span class='ocrx_word' id='word_1_381' title='bbox 169 2429 275 2486; x_wconf 82' lang='lat' dir='ltr'>Lumen</span> <span class='ocrx_word' id='word_1_382' title='bbox 292 2429 352 2484; x_wconf 89' lang='lat' dir='ltr'>heic</span> <span class='ocrx_word' id='word_1_383' title='bbox 364 2425 519 2484; x_wconf 87' lang='lat' dir='ltr'>dilllctiltati</span> <span class='ocrx_word' id='word_1_384' title='bbox 534 2424 652 2480; x_wconf 84' lang='lat' dir='ltr'>allerunt</span> <span class='ocrx_word' id='word_1_385' title='bbox 665 2426 752 2482; x_wconf 90' lang='lat' dir='ltr'>sancti</span> <span class='ocrx_word' id='word_1_386' title='bbox 766 2425 885 2482; x_wconf 89' lang='lat' dir='ltr'>Udalrici</span> <span class='ocrx_word' id='word_1_387' title='bbox 902 2426 967 2494; x_wconf 82' lang='lat' dir='ltr'>Epi·</span> <span class='ocrx_word' id='word_1_388' title='bbox 1018 2425 1093 2482; x_wconf 85' lang='lat' dir='ltr'>Zeno</span> <span class='ocrx_word' id='word_1_389' title='bbox 1108 2427 1187 2496; x_wconf 89' lang='lat' dir='ltr'>patilo</span> <span class='ocrx_word' id='word_1_390' title='bbox 1200 2437 1263 2482; x_wconf 91' lang='lat' dir='ltr'>airte</span> <span class='ocrx_word' id='word_1_391' title='bbox 1277 2430 1443 2484; x_wconf 88' lang='lat' dir='ltr'>mentionem</span> <span class='ocrx_word' id='word_1_392' title='bbox 1458 2431 1531 2485; x_wconf 88' lang='lat' dir='ltr'>lecit.</span> 
     </span>
    </p>

    <p class='ocr_par' dir='ltr' id='par_1_12' title="bbox 165 2495 1819 3009">
     <span class='ocr_line' id='line_1_45' title="bbox 167 2495 1818 2578; baseline 0.004 -23"><span class='ocrx_word' id='word_1_393' title='bbox 167 2504 243 2572; x_wconf 78' lang='lat' dir='ltr'>scopi</span> <span class='ocrx_word' id='word_1_394' title='bbox 259 2497 408 2578; x_wconf 67' lang='lat' dir='ltr'>,legtnpatri</span> <span class='ocrx_word' id='word_1_395' title='bbox 423 2506 481 2552; x_wconf 92' lang='lat' dir='ltr'>acta</span> <span class='ocrx_word' id='word_1_396' title='bbox 493 2512 553 2567; x_wconf 89' lang='lat' dir='ltr'>cap.</span> <span class='ocrx_word' id='word_1_397' title='bbox 564 2495 591 2561; x_wconf 90' lang='grc'>1,</span> <span class='ocrx_word' id='word_1_398' title='bbox 605 2498 647 2551; x_wconf 87' lang='lat' dir='ltr'>etti</span> <span class='ocrx_word' id='word_1_399' title='bbox 658 2511 688 2551; x_wconf 89' lang='lat' dir='ltr'>ca</span> <span class='ocrx_word' id='word_1_400' title='bbox 701 2497 870 2551; x_wconf 87' lang='lat' dir='ltr'>cerisuetede</span> <span class='ocrx_word' id='word_1_401' title='bbox 884 2498 966 2552; x_wconf 80' lang='lat' dir='ltr'>inisse</span> <span class='ocrx_word' id='word_1_402' title='bbox 1056 2495 1096 2570; x_wconf 76' lang='lat'>(3)</span> <span class='ocrx_word' id='word_1_403' title='bbox 1118 2497 1305 2553; x_wconf 79' lang='lat' dir='ltr'>llcceirsrriter</span> <span class='ocrx_word' id='word_1_404' title='bbox 1319 2507 1434 2553; x_wconf 62' lang='lat' dir='ltr'>‘etatem</span> <span class='ocrx_word' id='word_1_405' title='bbox 1450 2501 1564 2571; x_wconf 85' lang='lat' dir='ltr'>gradus,</span> <span class='ocrx_word' id='word_1_406' title='bbox 1580 2503 1725 2576; x_wconf 82' lang='lat' dir='ltr'>dequibus</span> <span class='ocrx_word' id='word_1_407' title='bbox 1739 2509 1818 2578; x_wconf 79' lang='lat' dir='ltr'>plera</span> 
     </span>
     <span class='ocr_line' id='line_1_46' title="bbox 167 2566 1816 2642; baseline 0.003 -15"><span class='ocrx_word' id='word_1_408' title='bbox 167 2573 306 2638; x_wconf 85' lang='lat' dir='ltr'>traditur,</span> <span class='ocrx_word' id='word_1_409' title='bbox 324 2580 355 2626; x_wconf 90' lang='lat' dir='ltr'>et</span> <span class='ocrx_word' id='word_1_410' title='bbox 378 2568 641 2641; x_wconf 66' lang='lat' dir='ltr'>[muneremunere</span> <span class='ocrx_word' id='word_1_411' title='bbox 657 2566 753 2636; x_wconf 84' lang='lat' dir='ltr'>paseha</span> <span class='ocrx_word' id='word_1_412' title='bbox 766 2569 801 2621; x_wconf 86' lang='lat' dir='ltr'>ad</span> <span class='ocrx_word' id='word_1_413' title='bbox 824 2569 855 2622; x_wconf 85' lang='lat' dir='ltr'>S.</span> <span class='ocrx_word' id='word_1_414' title='bbox 873 2570 966 2640; x_wconf 71' lang='lat' dir='ltr'>Afrum</span> <span class='ocrx_word' id='word_1_415' title='bbox 1017 2567 1185 2624; x_wconf 82' lang='lat' dir='ltr'>Cerrsoiintrs</span> <span class='ocrx_word' id='word_1_416' title='bbox 1199 2569 1233 2624; x_wconf 90' lang='lat' dir='ltr'>dc</span> <span class='ocrx_word' id='word_1_417' title='bbox 1251 2571 1299 2625; x_wconf 87' lang='lat' dir='ltr'>tric</span> <span class='ocrx_word' id='word_1_418' title='bbox 1311 2571 1393 2625; x_wconf 84' lang='lat' dir='ltr'>eratali</span> <span class='ocrx_word' id='word_1_419' title='bbox 1407 2587 1467 2640; x_wconf 90' lang='lat' dir='ltr'>cap.</span> <span class='ocrx_word' id='word_1_420' title='bbox 1484 2571 1527 2638; x_wconf 78' lang='grc'>15,</span> <span class='ocrx_word' id='word_1_421' title='bbox 1540 2575 1710 2642; x_wconf 82' lang='lat' dir='ltr'>jureritirtem</span> <span class='ocrx_word' id='word_1_422' title='bbox 1723 2589 1816 2639; x_wconf 82' lang='lat' dir='ltr'>aritern</span> 
     </span>
     <span class='ocr_line' id='line_1_47' title="bbox 167 2638 1818 2764; baseline 0.007 -66"><span class='ocrx_word' id='word_1_423' title='bbox 167 2643 373 2699; x_wconf 88' lang='lat' dir='ltr'>multitudinem</span> <span class='ocrx_word' id='word_1_424' title='bbox 387 2640 479 2713; x_wconf 84' lang='lat' dir='ltr'>popuii</span> <span class='ocrx_word' id='word_1_425' title='bbox 501 2656 535 2695; x_wconf 91' lang='lat' dir='ltr'>eo</span> <span class='ocrx_word' id='word_1_426' title='bbox 548 2638 710 2694; x_wconf 76' lang='lat' dir='ltr'>eeirheeniis</span> <span class='ocrx_word' id='word_1_427' title='bbox 734 2640 966 2696; x_wconf 76' lang='lat' dir='ltr'>enrrur·rn.·rei.‚td</span> <span class='ocrx_word' id='word_1_428' title='bbox 1018 2647 1082 2764; x_wconf 52' lang='lat' dir='ltr'>pest</span> <span class='ocrx_word' id='word_1_429' title='bbox 1098 2640 1310 2696; x_wconf 85' lang='lat' dir='ltr'>adolescentiam</span> <span class='ocrx_word' id='word_1_430' title='bbox 1330 2642 1444 2708; x_wconf 85' lang='lat' dir='ltr'>positam</span> <span class='ocrx_word' id='word_1_431' title='bbox 1461 2645 1532 2698; x_wconf 90' lang='lat' dir='ltr'>ieter</span> <span class='ocrx_word' id='word_1_432' title='bbox 1551 2661 1613 2700; x_wconf 86' lang='lat' dir='ltr'>ane.</span> <span class='ocrx_word' id='word_1_433' title='bbox 1630 2646 1666 2703; x_wconf 76' lang='lat'>30</span> <span class='ocrx_word' id='word_1_434' title='bbox 1680 2659 1707 2704; x_wconf 88' lang='lat' dir='ltr'>et</span> <span class='ocrx_word' id='word_1_435' title='bbox 1718 2653 1769 2714; x_wconf 83' lang='lat' dir='ltr'>lh,</span> <span class='ocrx_word' id='word_1_436' title='bbox 1783 2671 1818 2710; x_wconf 83' lang='lat' dir='ltr'>ex</span> 
     </span>
     <span class='ocr_line' id='line_1_48' title="bbox 165 2711 1816 2794; baseline 0.001 -22"><span class='ocrx_word' id='word_1_437' title='bbox 165 2714 239 2772; x_wconf 84' lang='lat' dir='ltr'>lecte</span> <span class='ocrx_word' id='word_1_438' title='bbox 250 2730 312 2770; x_wconf 83' lang='lat' dir='ltr'>eam</span> <span class='ocrx_word' id='word_1_439' title='bbox 327 2713 483 2776; x_wconf 79' lang='lat' dir='ltr'>circensem</span> <span class='ocrx_word' id='word_1_440' title='bbox 501 2711 602 2770; x_wconf 86' lang='lat' dir='ltr'>iactam</span> <span class='ocrx_word' id='word_1_441' title='bbox 616 2711 681 2770; x_wconf 86' lang='lat' dir='ltr'>init.</span> <span class='ocrx_word' id='word_1_442' title='bbox 700 2727 753 2765; x_wconf 90' lang='lat' dir='ltr'>tien</span> <span class='ocrx_word' id='word_1_443' title='bbox 770 2711 841 2794; x_wconf 79' lang='lat' dir='ltr'>qairrei</span> <span class='ocrx_word' id='word_1_444' title='bbox 859 2711 965 2782; x_wconf 72' lang='lat' dir='ltr'>episce-</span> <span class='ocrx_word' id='word_1_445' title='bbox 1042 2726 1142 2767; x_wconf 76' lang='lat' dir='ltr'>acirone</span> <span class='ocrx_word' id='word_1_446' title='bbox 1155 2711 1255 2772; x_wconf 85' lang='lat' dir='ltr'>ibidem</span> <span class='ocrx_word' id='word_1_447' title='bbox 1270 2712 1380 2768; x_wconf 85' lang='lat' dir='ltr'>iatiilate</span> <span class='ocrx_word' id='word_1_448' title='bbox 1398 2729 1563 2784; x_wconf 84' lang='lat' dir='ltr'>eognesees;</span> <span class='ocrx_word' id='word_1_449' title='bbox 1580 2732 1616 2773; x_wconf 80' lang='lat' dir='ltr'>es</span> <span class='ocrx_word' id='word_1_450' title='bbox 1638 2735 1694 2788; x_wconf 82' lang='lat' dir='ltr'>qne</span> <span class='ocrx_word' id='word_1_451' title='bbox 1715 2721 1816 2781; x_wconf 81' lang='lat' dir='ltr'>iacinrn</span> 
     </span>
     <span class='ocr_line' id='line_1_49' title="bbox 167 2783 1818 2860; baseline 0.004 -19"><span class='ocrx_word' id='word_1_452' title='bbox 167 2803 219 2860; x_wconf 89' lang='lat' dir='ltr'>pus</span> <span class='ocrx_word' id='word_1_453' title='bbox 233 2803 287 2841; x_wconf 92' lang='lat' dir='ltr'>iron</span> <span class='ocrx_word' id='word_1_454' title='bbox 302 2785 478 2840; x_wconf 87' lang='lat' dir='ltr'>cirnhrmaret</span> <span class='ocrx_word' id='word_1_455' title='bbox 491 2783 516 2838; x_wconf 92' lang='lat' dir='ltr'>irr</span> <span class='ocrx_word' id='word_1_456' title='bbox 556 2785 683 2846; x_wconf 82' lang='lat' dir='ltr'>aschatc,</span> <span class='ocrx_word' id='word_1_457' title='bbox 700 2797 769 2853; x_wconf 79' lang='lat' dir='ltr'>quiris</span> <span class='ocrx_word' id='word_1_458' title='bbox 783 2797 839 2851; x_wconf 50' lang='lat' dir='ltr'>ipre</span> <span class='ocrx_word' id='word_1_459' title='bbox 851 2797 884 2836; x_wconf 89' lang='lat' dir='ltr'>eo</span> <span class='ocrx_word' id='word_1_460' title='bbox 899 2790 966 2838; x_wconf 92' lang='lat' dir='ltr'>tem-</span> <span class='ocrx_word' id='word_1_461' title='bbox 1017 2791 1061 2836; x_wconf 62' lang='lat' dir='ltr'>est</span> <span class='ocrx_word' id='word_1_462' title='bbox 1079 2793 1107 2837; x_wconf 91' lang='grc' dir='ltr'>ιιι</span> <span class='ocrx_word' id='word_1_463' title='bbox 1121 2783 1224 2846; x_wconf 77' lang='lat' dir='ltr'>inpetres</span> <span class='ocrx_word' id='word_1_464' title='bbox 1239 2784 1365 2852; x_wconf 81' lang='lat' dir='ltr'>apprdlati</span> <span class='ocrx_word' id='word_1_465' title='bbox 1389 2785 1574 2854; x_wconf 86' lang='lat' dir='ltr'>irrierriatttur,</span> <span class='ocrx_word' id='word_1_466' title='bbox 1589 2805 1657 2858; x_wconf 86' lang='lat' dir='ltr'>quos</span> <span class='ocrx_word' id='word_1_467' title='bbox 1668 2808 1701 2852; x_wconf 80' lang='lat' dir='ltr'>ei</span> <span class='ocrx_word' id='word_1_468' title='bbox 1717 2797 1818 2856; x_wconf 80' lang='lat' dir='ltr'>confir·-</span> 
     </span>
     <span class='ocr_line' id='line_1_50' title="bbox 166 2799 1819 2928; baseline 0.006 -16"><span class='ocrx_word' id='word_1_469' title='bbox 166 2874 234 2928; x_wconf 85' lang='lat' dir='ltr'>pirre</span> <span class='ocrx_word' id='word_1_470' title='bbox 248 2855 430 2926; x_wconf 78' lang='lat' dir='ltr'>baptizasse13</span> <span class='ocrx_word' id='word_1_471' title='bbox 452 2855 500 2909; x_wconf 88' lang='lat' dir='ltr'>sed</span> <span class='ocrx_word' id='word_1_472' title='bbox 514 2799 762 2909; x_wconf 55' lang='lat' dir='ltr'>ttpsttecttt&#39;rcretut</span> <span class='ocrx_word' id='word_1_473' title='bbox 782 2851 922 2921; x_wconf 87' lang='lat' dir='ltr'>baptizatis</span> <span class='ocrx_word' id='word_1_474' title='bbox 938 2854 964 2909; x_wconf 91' lang='lat' dir='ltr'>in</span> <span class='ocrx_word' id='word_1_475' title='bbox 1019 2865 1091 2907; x_wconf 87' lang='lat' dir='ltr'>mata</span> <span class='ocrx_word' id='word_1_476' title='bbox 1106 2857 1160 2923; x_wconf 86' lang='lat' dir='ltr'>jam</span> <span class='ocrx_word' id='word_1_477' title='bbox 1181 2862 1261 2908; x_wconf 81' lang='lat' dir='ltr'>atate</span> <span class='ocrx_word' id='word_1_478' title='bbox 1278 2855 1482 2925; x_wconf 72' lang='lat' dir='ltr'>irrigationibus</span> <span class='ocrx_word' id='word_1_479' title='bbox 1497 2869 1524 2912; x_wconf 88' lang='lat' dir='ltr'>et</span> <span class='ocrx_word' id='word_1_480' title='bbox 1538 2860 1605 2913; x_wconf 82' lang='lat' dir='ltr'>eires</span> <span class='ocrx_word' id='word_1_481' title='bbox 1619 2863 1760 2921; x_wconf 85' lang='lat' dir='ltr'>nnrrrinare</span> <span class='ocrx_word' id='word_1_482' title='bbox 1774 2883 1819 2922; x_wconf 89' lang='lat' dir='ltr'>so·</span> 
     </span>
     <span class='ocr_line' id='line_1_51' title="bbox 1017 2923 1817 3009; baseline 0.021 -32"><span class='ocrx_word' id='word_1_483' title='bbox 1017 2923 1115 2978; x_wconf 74' lang='lat' dir='ltr'>temen.</span> <span class='ocrx_word' id='word_1_484' title='bbox 1132 2925 1251 2980; x_wconf 76' lang='lat' dir='ltr'>Advorte</span> <span class='ocrx_word' id='word_1_485' title='bbox 1264 2928 1344 2980; x_wconf 87' lang='lat' dir='ltr'>etiarn</span> <span class='ocrx_word' id='word_1_486' title='bbox 1372 2943 1452 2982; x_wconf 81' lang='lat' dir='ltr'>seties</span> <span class='ocrx_word' id='word_1_487' title='bbox 1466 2928 1606 2998; x_wconf 85' lang='lat' dir='ltr'>irtrirrsiptc</span> <span class='ocrx_word' id='word_1_488' title='bbox 1621 2949 1702 2989; x_wconf 82' lang='lat' dir='ltr'>sexus</span> <span class='ocrx_word' id='word_1_489' title='bbox 1727 2937 1817 3009; x_wconf 83' lang='lat' dir='ltr'>bapti-</span> 
     </span>
    </p>
   </div>
   <div class='ocr_carea' id='block_1_11' title="bbox 167 2925 1816 3133">
    <p class='ocr_par' dir='ltr' id='par_1_13' title="bbox 167 2925 1816 3133">
     <span class='ocr_line' id='line_1_52' title="bbox 167 2925 965 2995; baseline -0.008 -10"><span class='ocrx_word' id='word_1_490' title='bbox 167 2943 244 2990; x_wconf 88' lang='lat' dir='ltr'>rriro,</span> <span class='ocrx_word' id='word_1_491' title='bbox 261 2929 308 2985; x_wconf 85' lang='lat' dir='ltr'>ubi</span> <span class='ocrx_word' id='word_1_492' title='bbox 320 2927 451 2984; x_wconf 84' lang='lat' dir='ltr'>institutis</span> <span class='ocrx_word' id='word_1_493' title='bbox 460 2925 516 2995; x_wconf 80' lang='lat' dir='ltr'>iaie</span> <span class='ocrx_word' id='word_1_494' title='bbox 527 2925 695 2994; x_wconf 83' lang='lat' dir='ltr'>baptisteriis</span> <span class='ocrx_word' id='word_1_495' title='bbox 706 2925 818 2994; x_wconf 80' lang='lat' dir='ltr'>atinent,</span> <span class='ocrx_word' id='word_1_496' title='bbox 832 2925 965 2994; x_wconf 88' lang='lat' dir='ltr'>baptisma</span> 
     </span>
     <span class='ocr_line' id='line_1_53' title="bbox 168 2995 1816 3133; baseline 0.001 -78"><span class='ocrx_word' id='word_1_497' title='bbox 168 3001 194 3056; x_wconf 89' lang='lat' dir='ltr'>in</span> <span class='ocrx_word' id='word_1_498' title='bbox 218 3002 348 3070; x_wconf 83' lang='lat' dir='ltr'>paschate</span> <span class='ocrx_word' id='word_1_499' title='bbox 363 2998 488 3053; x_wconf 89' lang='lat' dir='ltr'>ceirlerre</span> <span class='ocrx_word' id='word_1_500' title='bbox 504 2996 669 3068; x_wconf 81' lang='lat' dir='ltr'>preshyteris</span> <span class='ocrx_word' id='word_1_501' title='bbox 681 2997 787 3050; x_wconf 88' lang='lat' dir='ltr'>licebat.</span> <span class='ocrx_word' id='word_1_502' title='bbox 810 2995 876 3050; x_wconf 87' lang='lat' dir='ltr'>Cerri</span> <span class='ocrx_word' id='word_1_503' title='bbox 891 2998 964 3052; x_wconf 91' lang='lat' dir='ltr'>enitrr</span> <span class='ocrx_word' id='word_1_504' title='bbox 1017 3004 1093 3049; x_wconf 74' lang='lat' dir='ltr'>nates</span> <span class='ocrx_word' id='word_1_505' title='bbox 1108 2997 1201 3063; x_wconf 86' lang='lat' dir='ltr'>luisse,</span> <span class='ocrx_word' id='word_1_506' title='bbox 1209 3010 1355 3121; x_wconf 61' lang='lat' dir='ltr'>prepterea</span> <span class='ocrx_word' id='word_1_507' title='bbox 1367 2999 1438 3069; x_wconf 75' lang='lat' dir='ltr'>quiid</span> <span class='ocrx_word' id='word_1_508' title='bbox 1449 2998 1565 3056; x_wconf 88' lang='lat' dir='ltr'>Zenonis</span> <span class='ocrx_word' id='word_1_509' title='bbox 1576 3018 1634 3057; x_wconf 73' lang='lat' dir='ltr'>aere</span> <span class='ocrx_word' id='word_1_510' title='bbox 1649 3016 1709 3073; x_wconf 89' lang='lat' dir='ltr'>pest</span> <span class='ocrx_word' id='word_1_511' title='bbox 1720 3024 1816 3133; x_wconf 66' lang='lat' dir='ltr'>pacem</span> 
     </span>
    </p>
   </div>
   <div class='ocr_carea' id='block_1_12' title="bbox 162 3066 1848 5070">
    <p class='ocr_par' dir='ltr' id='par_1_14' title="bbox 166 3066 1848 3502">
     <span class='ocr_line' id='line_1_54' title="bbox 167 3066 1814 3146; baseline -0.004 -17"><span class='ocrx_word' id='word_1_512' title='bbox 167 3070 323 3146; x_wconf 78' lang='lat' dir='ltr'>presbyteri</span> <span class='ocrx_word' id='word_1_513' title='bbox 336 3071 498 3127; x_wconf 80' lang='lat' dir='ltr'>enruirnare</span> <span class='ocrx_word' id='word_1_514' title='bbox 512 3084 565 3127; x_wconf 79' lang='lat' dir='ltr'>eain</span> <span class='ocrx_word' id='word_1_515' title='bbox 583 3076 708 3145; x_wconf 81' lang='lat' dir='ltr'>possent,</span> <span class='ocrx_word' id='word_1_516' title='bbox 724 3082 775 3123; x_wconf 92' lang='lat' dir='ltr'>nec</span> <span class='ocrx_word' id='word_1_517' title='bbox 794 3081 892 3139; x_wconf 82' lang='lat' dir='ltr'>priores</span> <span class='ocrx_word' id='word_1_518' title='bbox 907 3077 963 3123; x_wconf 83' lang='lat' dir='ltr'>sta·</span> <span class='ocrx_word' id='word_1_519' title='bbox 1016 3066 1145 3122; x_wconf 78' lang='lat' dir='ltr'>Ecclesiae</span> <span class='ocrx_word' id='word_1_520' title='bbox 1160 3068 1206 3124; x_wconf 91' lang='lat' dir='ltr'>red</span> <span class='ocrx_word' id='word_1_521' title='bbox 1229 3069 1292 3122; x_wconf 91' lang='lat' dir='ltr'>itam</span> <span class='ocrx_word' id='word_1_522' title='bbox 1309 3070 1399 3138; x_wconf 84' lang='lat' dir='ltr'>pieres</span> <span class='ocrx_word' id='word_1_523' title='bbox 1410 3085 1443 3125; x_wconf 85' lang='lat' dir='ltr'>ex</span> <span class='ocrx_word' id='word_1_524' title='bbox 1461 3071 1593 3130; x_wconf 79' lang='lat' dir='ltr'>Gentibus</span> <span class='ocrx_word' id='word_1_525' title='bbox 1613 3075 1646 3132; x_wconf 84' lang='lat' dir='ltr'>ad</span> <span class='ocrx_word' id='word_1_526' title='bbox 1663 3075 1717 3133; x_wconf 65' lang='lat' dir='ltr'>Ena</span> <span class='ocrx_word' id='word_1_527' title='bbox 1729 3085 1814 3139; x_wconf 60' lang='lat' dir='ltr'>esiam</span> 
     </span>
     <span class='ocr_line' id='line_1_55' title="bbox 166 3138 1814 3227; baseline 0.007 -28"><span class='ocrx_word' id='word_1_528' title='bbox 166 3148 216 3201; x_wconf 89' lang='lat' dir='ltr'>iiiii</span> <span class='ocrx_word' id='word_1_529' title='bbox 230 3140 394 3200; x_wconf 85' lang='lat' dir='ltr'>sirbmitcere</span> <span class='ocrx_word' id='word_1_530' title='bbox 416 3143 443 3196; x_wconf 91' lang='lat' dir='ltr'>in</span> <span class='ocrx_word' id='word_1_531' title='bbox 457 3144 569 3208; x_wconf 82' lang='lat' dir='ltr'>nehem,</span> <span class='ocrx_word' id='word_1_532' title='bbox 594 3150 624 3195; x_wconf 91' lang='lat' dir='ltr'>et</span> <span class='ocrx_word' id='word_1_533' title='bbox 639 3140 733 3194; x_wconf 88' lang='lat' dir='ltr'>eadem</span> <span class='ocrx_word' id='word_1_534' title='bbox 759 3138 803 3195; x_wconf 90' lang='lat' dir='ltr'>die</span> <span class='ocrx_word' id='word_1_535' title='bbox 817 3139 961 3195; x_wconf 87' lang='lat' dir='ltr'>eorrilrnia·</span> <span class='ocrx_word' id='word_1_536' title='bbox 976 3163 999 3227; x_wconf 74' lang='lat' dir='ltr'>C</span> <span class='ocrx_word' id='word_1_537' title='bbox 1016 3138 1186 3195; x_wconf 81' lang='lat' dir='ltr'>confluerent</span> <span class='ocrx_word' id='word_1_538' title='bbox 1198 3155 1231 3193; x_wconf 88' lang='lat' dir='ltr'>eit</span> <span class='ocrx_word' id='word_1_539' title='bbox 1259 3139 1294 3193; x_wconf 86' lang='lat' dir='ltr'>iis</span> <span class='ocrx_word' id='word_1_540' title='bbox 1310 3141 1374 3209; x_wconf 85' lang='lat' dir='ltr'>ipsis</span> <span class='ocrx_word' id='word_1_541' title='bbox 1393 3143 1438 3210; x_wconf 82' lang='lat' dir='ltr'>ipei</span> <span class='ocrx_word' id='word_1_542' title='bbox 1453 3157 1538 3214; x_wconf 83' lang='lat' dir='ltr'>iisque</span> <span class='ocrx_word' id='word_1_543' title='bbox 1553 3147 1587 3201; x_wconf 88' lang='lat' dir='ltr'>ad</span> <span class='ocrx_word' id='word_1_544' title='bbox 1602 3159 1772 3209; x_wconf 89' lang='lat' dir='ltr'>senectutem</span> <span class='ocrx_word' id='word_1_545' title='bbox 1788 3157 1814 3211; x_wconf 90' lang='lat' dir='ltr'>irr</span> 
     </span>
     <span class='ocr_line' id='line_1_56' title="bbox 167 3209 1848 3286; baseline -0.005 -12"><span class='ocrx_word' id='word_1_546' title='bbox 167 3227 264 3275; x_wconf 85' lang='lat' dir='ltr'>rentur</span> <span class='ocrx_word' id='word_1_547' title='bbox 278 3217 313 3273; x_wconf 86' lang='lat' dir='ltr'>ab</span> <span class='ocrx_word' id='word_1_548' title='bbox 324 3217 467 3286; x_wconf 64' lang='lat' dir='ltr'>episcopm</span> <span class='ocrx_word' id='word_1_549' title='bbox 479 3213 534 3283; x_wconf 84' lang='lat' dir='ltr'>jain</span> <span class='ocrx_word' id='word_1_550' title='bbox 549 3220 577 3266; x_wconf 90' lang='lat' dir='ltr'>et</span> <span class='ocrx_word' id='word_1_551' title='bbox 590 3226 670 3281; x_wconf 76' lang='lat' dir='ltr'>ariani</span> <span class='ocrx_word' id='word_1_552' title='bbox 685 3210 809 3279; x_wconf 86' lang='lat' dir='ltr'>protirne</span> <span class='ocrx_word' id='word_1_553' title='bbox 825 3211 883 3265; x_wconf 89' lang='lat' dir='ltr'>heri</span> <span class='ocrx_word' id='word_1_554' title='bbox 901 3227 963 3282; x_wconf 87' lang='lat' dir='ltr'>pes·</span> <span class='ocrx_word' id='word_1_555' title='bbox 1016 3209 1170 3265; x_wconf 84' lang='lat' dir='ltr'>idolotatria</span> <span class='ocrx_word' id='word_1_556' title='bbox 1183 3210 1265 3267; x_wconf 80' lang='lat' dir='ltr'>ritate</span> <span class='ocrx_word' id='word_1_557' title='bbox 1280 3220 1437 3275; x_wconf 78' lang='lat' dir='ltr'>euenerant.</span> <span class='ocrx_word' id='word_1_558' title='bbox 1842 3238 1848 3247; x_wconf 71' lang='lat'>=</span> 
     </span>
     <span class='ocr_line' id='line_1_57' title="bbox 166 3278 1814 3357; baseline -0.003 -14"><span class='ocrx_word' id='word_1_559' title='bbox 166 3298 228 3353; x_wconf 87' lang='lat' dir='ltr'>eet,</span> <span class='ocrx_word' id='word_1_560' title='bbox 246 3288 292 3343; x_wconf 86' lang='lat' dir='ltr'>leti</span> <span class='ocrx_word' id='word_1_561' title='bbox 308 3299 453 3356; x_wconf 81' lang='lat' dir='ltr'>irtrrrnrqiie</span> <span class='ocrx_word' id='word_1_562' title='bbox 471 3293 669 3340; x_wconf 74' lang='lat' dir='ltr'>uenierentem</span> <span class='ocrx_word' id='word_1_563' title='bbox 691 3281 878 3351; x_wconf 84' lang='lat' dir='ltr'>susciperent,</span> <span class='ocrx_word' id='word_1_564' title='bbox 898 3297 963 3337; x_wconf 87' lang='lat' dir='ltr'>cair·</span> <span class='ocrx_word' id='word_1_565' title='bbox 1050 3280 1093 3355; x_wconf 83' lang='grc'>(1)</span> <span class='ocrx_word' id='word_1_566' title='bbox 1110 3282 1173 3335; x_wconf 86' lang='lat' dir='ltr'>ilss.</span> <span class='ocrx_word' id='word_1_567' title='bbox 1189 3278 1266 3336; x_wconf 82' lang='lat' dir='ltr'>lieni.</span> <span class='ocrx_word' id='word_1_568' title='bbox 1282 3290 1310 3336; x_wconf 87' lang='lat' dir='ltr'>et</span> <span class='ocrx_word' id='word_1_569' title='bbox 1330 3283 1423 3356; x_wconf 78' lang='lat' dir='ltr'>l’ornp.</span> <span class='ocrx_word' id='word_1_570' title='bbox 1439 3300 1581 3357; x_wconf 66' lang='lat' dir='ltr'>perpiciant</span> <span class='ocrx_word' id='word_1_571' title='bbox 1602 3291 1736 3349; x_wconf 68' lang='lat' dir='ltr'>rnnnrinna</span> <span class='ocrx_word' id='word_1_572' title='bbox 1750 3313 1814 3352; x_wconf 56' lang='lat'>⁶071.</span> 
     </span>
     <span class='ocr_line' id='line_1_58' title="bbox 167 3354 1812 3435; baseline 0.007 -22"><span class='ocrx_word' id='word_1_573' title='bbox 167 3359 327 3421; x_wconf 76' lang='lat' dir='ltr'>remisisse</span> <span class='ocrx_word' id='word_1_574' title='bbox 345 3358 461 3417; x_wconf 84' lang='lat' dir='ltr'>ridetur.</span> <span class='ocrx_word' id='word_1_575' title='bbox 477 3364 509 3410; x_wconf 87' lang='lat' dir='ltr'>ut</span> <span class='ocrx_word' id='word_1_576' title='bbox 522 3358 636 3426; x_wconf 77' lang='lat' dir='ltr'>mrisipre</span> <span class='ocrx_word' id='word_1_577' title='bbox 652 3366 828 3424; x_wconf 82' lang='lat' dir='ltr'>suespueres</span> <span class='ocrx_word' id='word_1_578' title='bbox 875 3354 962 3409; x_wconf 86' lang='lat' dir='ltr'>scholi</span> <span class='ocrx_word' id='word_1_579' title='bbox 1015 3362 1055 3405; x_wconf 89' lang='lat' dir='ltr'>trii</span> <span class='ocrx_word' id='word_1_580' title='bbox 1068 3354 1227 3407; x_wconf 86' lang='lat' dir='ltr'>natlnitnteni</span> <span class='ocrx_word' id='word_1_581' title='bbox 1252 3354 1323 3408; x_wconf 88' lang='lat' dir='ltr'>orririi</span> <span class='ocrx_word' id='word_1_582' title='bbox 1334 3396 1341 3419; x_wconf 89' lang='lat'>,</span> <span class='ocrx_word' id='word_1_583' title='bbox 1365 3370 1435 3424; x_wconf 82' lang='lat' dir='ltr'>eie,</span> <span class='ocrx_word' id='word_1_584' title='bbox 1460 3358 1486 3411; x_wconf 91' lang='lat' dir='ltr'>in</span> <span class='ocrx_word' id='word_1_585' title='bbox 1508 3372 1574 3414; x_wconf 83' lang='lat' dir='ltr'>mss.</span> <span class='ocrx_word' id='word_1_586' title='bbox 1592 3359 1653 3418; x_wconf 82' lang='lat' dir='ltr'>unt.</span> <span class='ocrx_word' id='word_1_587' title='bbox 1676 3372 1704 3419; x_wconf 87' lang='lat' dir='ltr'>ct</span> <span class='ocrx_word' id='word_1_588' title='bbox 1729 3362 1812 3435; x_wconf 77' lang='lat' dir='ltr'>hen,</span> 
     </span>
     <span class='ocr_line' id='line_1_59' title="bbox 168 3422 1541 3502; baseline -0.002 -17"><span class='ocrx_word' id='word_1_589' title='bbox 168 3433 237 3487; x_wconf 84' lang='lat' dir='ltr'>leste</span> <span class='ocrx_word' id='word_1_590' title='bbox 264 3432 427 3502; x_wconf 87' lang='lat' dir='ltr'>baptizatos,</span> <span class='ocrx_word' id='word_1_591' title='bbox 445 3428 511 3483; x_wconf 82' lang='lat' dir='ltr'>lenia</span> <span class='ocrx_word' id='word_1_592' title='bbox 525 3426 641 3481; x_wconf 76' lang='lat' dir='ltr'>secernis</span> <span class='ocrx_word' id='word_1_593' title='bbox 656 3422 689 3479; x_wconf 82' lang='lat' dir='ltr'>&#39;in</span> <span class='ocrx_word' id='word_1_594' title='bbox 710 3428 834 3480; x_wconf 73' lang='lat' dir='ltr'>micina</span> <span class='ocrx_word' id='word_1_595' title='bbox 857 3425 961 3494; x_wconf 77' lang='lat' dir='ltr'>ferret,</span> <span class='ocrx_word' id='word_1_596' title='bbox 1014 3424 1174 3478; x_wconf 81' lang='lat' dir='ltr'>inundantem</span> <span class='ocrx_word' id='word_1_597' title='bbox 1184 3435 1276 3479; x_wconf 81' lang='lat' dir='ltr'>eontra</span> <span class='ocrx_word' id='word_1_598' title='bbox 1289 3427 1446 3481; x_wconf 80' lang='lat' dir='ltr'>nnitnr&#39;rnan</span> <span class='ocrx_word' id='word_1_599' title='bbox 1462 3430 1541 3483; x_wconf 86' lang='lat' dir='ltr'>ouini.</span> 
     </span>
    </p>

    <p class='ocr_par' dir='ltr' id='par_1_15' title="bbox 165 3494 1815 4353">
     <span class='ocr_line' id='line_1_60' title="bbox 167 3494 1813 3570; baseline 0.005 -13"><span class='ocrx_word' id='word_1_600' title='bbox 167 3512 195 3557; x_wconf 86' lang='lat' dir='ltr'>ei</span> <span class='ocrx_word' id='word_1_601' title='bbox 209 3504 235 3557; x_wconf 91' lang='lat' dir='ltr'>in</span> <span class='ocrx_word' id='word_1_602' title='bbox 263 3503 360 3557; x_wconf 85' lang='lat' dir='ltr'>herere</span> <span class='ocrx_word' id='word_1_603' title='bbox 373 3510 477 3557; x_wconf 83' lang='lat' dir='ltr'>tanturn</span> <span class='ocrx_word' id='word_1_604' title='bbox 487 3504 602 3570; x_wconf 87' lang='lat' dir='ltr'>gratiani</span> <span class='ocrx_word' id='word_1_605' title='bbox 626 3498 658 3553; x_wconf 81' lang='lat' dir='ltr'>S.</span> <span class='ocrx_word' id='word_1_606' title='bbox 685 3496 804 3552; x_wconf 71' lang='lat' dir='ltr'>ethinci</span> <span class='ocrx_word' id='word_1_607' title='bbox 820 3506 960 3566; x_wconf 88' lang='lat' dir='ltr'>tempore,</span> <span class='ocrx_word' id='word_1_608' title='bbox 1053 3495 1093 3567; x_wconf 72' lang='lat'>(5)</span> <span class='ocrx_word' id='word_1_609' title='bbox 1110 3494 1291 3552; x_wconf 80' lang='lat' dir='ltr'>Curinriiotenr</span> <span class='ocrx_word' id='word_1_610' title='bbox 1306 3498 1363 3551; x_wconf 83' lang='lat' dir='ltr'>nire</span> <span class='ocrx_word' id='word_1_611' title='bbox 1375 3506 1465 3555; x_wconf 85' lang='lat' dir='ltr'>rereri&#39;i</span> <span class='ocrx_word' id='word_1_612' title='bbox 1476 3504 1646 3569; x_wconf 81' lang='lat' dir='ltr'>irerirporione</span> <span class='ocrx_word' id='word_1_613' title='bbox 1658 3506 1733 3563; x_wconf 89' lang='lat' dir='ltr'>iilam</span> <span class='ocrx_word' id='word_1_614' title='bbox 1748 3524 1813 3566; x_wconf 91' lang='lat' dir='ltr'>auc-</span> 
     </span>
     <span class='ocr_line' id='line_1_61' title="bbox 165 3568 1813 3651; baseline 0 -21"><span class='ocrx_word' id='word_1_615' title='bbox 165 3582 195 3630; x_wconf 89' lang='lat' dir='ltr'>et</span> <span class='ocrx_word' id='word_1_616' title='bbox 208 3575 336 3630; x_wconf 87' lang='lat' dir='ltr'>similiter</span> <span class='ocrx_word' id='word_1_617' title='bbox 361 3572 430 3642; x_wconf 88' lang='lat' dir='ltr'>apud</span> <span class='ocrx_word' id='word_1_618' title='bbox 459 3570 593 3626; x_wconf 77' lang='lat' dir='ltr'>Verrinam</span> <span class='ocrx_word' id='word_1_619' title='bbox 620 3569 721 3623; x_wconf 78' lang='lat' dir='ltr'>sarceio</span> <span class='ocrx_word' id='word_1_620' title='bbox 745 3569 840 3623; x_wconf 82' lang='lat' dir='ltr'>sanem</span> <span class='ocrx_word' id='word_1_621' title='bbox 864 3579 963 3624; x_wconf 85' lang='lat' dir='ltr'>oetaeo</span> <span class='ocrx_word' id='word_1_622' title='bbox 1015 3568 1205 3637; x_wconf 89' lang='lat' dir='ltr'>torappellat,</span> <span class='ocrx_word' id='word_1_623' title='bbox 1221 3583 1274 3638; x_wconf 85' lang='lat' dir='ltr'>qtia</span> <span class='ocrx_word' id='word_1_624' title='bbox 1297 3569 1414 3624; x_wconf 86' lang='lat' dir='ltr'>nonduin</span> <span class='ocrx_word' id='word_1_625' title='bbox 1429 3572 1577 3639; x_wconf 83' lang='lat' dir='ltr'>baptizati,</span> <span class='ocrx_word' id='word_1_626' title='bbox 1592 3575 1657 3631; x_wconf 88' lang='lat' dir='ltr'>dem</span> <span class='ocrx_word' id='word_1_627' title='bbox 1681 3580 1752 3636; x_wconf 81' lang='lat' dir='ltr'>inter</span> <span class='ocrx_word' id='word_1_628' title='bbox 1766 3597 1813 3651; x_wconf 80' lang='lat' dir='ltr'>pn-</span> 
     </span>
     <span class='ocr_line' id='line_1_62' title="bbox 168 3639 1815 3718; baseline 0.004 -19"><span class='ocrx_word' id='word_1_629' title='bbox 168 3661 273 3701; x_wconf 88' lang='lat' dir='ltr'>inorem</span> <span class='ocrx_word' id='word_1_630' title='bbox 284 3643 435 3700; x_wconf 75' lang='lat' dir='ltr'>invaluisse</span> <span class='ocrx_word' id='word_1_631' title='bbox 449 3640 584 3712; x_wconf 79' lang='lat' dir='ltr'>perardus,</span> <span class='ocrx_word' id='word_1_632' title='bbox 601 3650 629 3694; x_wconf 93' lang='lat' dir='ltr'>iit</span> <span class='ocrx_word' id='word_1_633' title='bbox 639 3656 672 3696; x_wconf 93' lang='lat' dir='ltr'>ea</span> <span class='ocrx_word' id='word_1_634' title='bbox 687 3641 732 3695; x_wconf 89' lang='lat' dir='ltr'>dic</span> <span class='ocrx_word' id='word_1_635' title='bbox 745 3640 916 3695; x_wconf 81' lang='lat' dir='ltr'>entilirmatio</span> <span class='ocrx_word' id='word_1_636' title='bbox 927 3639 962 3695; x_wconf 88' lang='lat' dir='ltr'>ab</span> <span class='ocrx_word' id='word_1_637' title='bbox 1013 3653 1099 3710; x_wconf 79' lang='lat' dir='ltr'>genos</span> <span class='ocrx_word' id='word_1_638' title='bbox 1110 3639 1191 3694; x_wconf 86' lang='lat' dir='ltr'>titani</span> <span class='ocrx_word' id='word_1_639' title='bbox 1206 3639 1308 3694; x_wconf 86' lang='lat' dir='ltr'>veteris</span> <span class='ocrx_word' id='word_1_640' title='bbox 1320 3640 1438 3696; x_wconf 88' lang='lat' dir='ltr'>bominis</span> <span class='ocrx_word' id='word_1_641' title='bbox 1450 3655 1561 3713; x_wconf 77' lang='lat' dir='ltr'>agerent</span> <span class='ocrx_word' id='word_1_642' title='bbox 1573 3686 1580 3710; x_wconf 91' lang='lat'>,</span> <span class='ocrx_word' id='word_1_643' title='bbox 1594 3651 1716 3718; x_wconf 85' lang='lat' dir='ltr'>genesim</span> <span class='ocrx_word' id='word_1_644' title='bbox 1728 3668 1741 3703; x_wconf 90' lang='lat' dir='ltr'>a</span> <span class='ocrx_word' id='word_1_645' title='bbox 1757 3668 1815 3707; x_wconf 85' lang='lat' dir='ltr'>irra-</span> 
     </span>
     <span class='ocr_line' id='line_1_63' title="bbox 166 3710 1812 3788; baseline 0.001 -16"><span class='ocrx_word' id='word_1_646' title='bbox 166 3717 263 3788; x_wconf 85' lang='lat' dir='ltr'>episco</span> <span class='ocrx_word' id='word_1_647' title='bbox 281 3718 387 3772; x_wconf 81' lang='lat' dir='ltr'>instate</span> <span class='ocrx_word' id='word_1_648' title='bbox 402 3716 428 3769; x_wconf 91' lang='lat' dir='ltr'>irr</span> <span class='ocrx_word' id='word_1_649' title='bbox 444 3723 498 3769; x_wconf 86' lang='lat' dir='ltr'>teni</span> <span class='ocrx_word' id='word_1_650' title='bbox 520 3713 547 3767; x_wconf 94' lang='lat' dir='ltr'>io</span> <span class='ocrx_word' id='word_1_651' title='bbox 559 3712 674 3768; x_wconf 83' lang='lat' dir='ltr'>solenini</span> <span class='ocrx_word' id='word_1_652' title='bbox 695 3713 748 3766; x_wconf 90' lang='lat' dir='ltr'>ritu</span> <span class='ocrx_word' id='word_1_653' title='bbox 773 3710 860 3766; x_wconf 82' lang='lat' dir='ltr'>deret.</span> <span class='ocrx_word' id='word_1_654' title='bbox 876 3710 962 3766; x_wconf 87' lang='lat' dir='ltr'>Porro</span> <span class='ocrx_word' id='word_1_655' title='bbox 1014 3712 1169 3765; x_wconf 85' lang='lat' dir='ltr'>iiremaiieis</span> <span class='ocrx_word' id='word_1_656' title='bbox 1198 3713 1338 3781; x_wconf 75' lang='lat' dir='ltr'>postiniane</span> <span class='ocrx_word' id='word_1_657' title='bbox 1360 3712 1499 3779; x_wconf 75' lang='lat' dir='ltr'>sitiebam3</span> <span class='ocrx_word' id='word_1_658' title='bbox 1524 3728 1549 3769; x_wconf 90' lang='lat' dir='ltr'>et</span> <span class='ocrx_word' id='word_1_659' title='bbox 1566 3717 1603 3772; x_wconf 92' lang='lat' dir='ltr'>ita</span> <span class='ocrx_word' id='word_1_660' title='bbox 1618 3718 1643 3772; x_wconf 90' lang='lat' dir='ltr'>in</span> <span class='ocrx_word' id='word_1_661' title='bbox 1667 3717 1716 3775; x_wconf 86' lang='lat' dir='ltr'>hae</span> <span class='ocrx_word' id='word_1_662' title='bbox 1743 3737 1812 3779; x_wconf 84' lang='lat' dir='ltr'>noia</span> 
     </span>
     <span class='ocr_line' id='line_1_64' title="bbox 167 3731 1812 3861; baseline 0.003 -19"><span class='ocrx_word' id='word_1_663' title='bbox 167 3731 385 3858; x_wconf 55' lang='lat' dir='ltr'>sinninghem</span> <span class='ocrx_word' id='word_1_664' title='bbox 398 3786 494 3840; x_wconf 72' lang='lat' dir='ltr'>Vindel</span> <span class='ocrx_word' id='word_1_665' title='bbox 541 3788 603 3840; x_wconf 88' lang='lat' dir='ltr'>rum</span> <span class='ocrx_word' id='word_1_666' title='bbox 628 3784 757 3847; x_wconf 86' lang='lat' dir='ltr'>teriiplerii</span> <span class='ocrx_word' id='word_1_667' title='bbox 785 3782 847 3838; x_wconf 92' lang='lat' dir='ltr'>hnic</span> <span class='ocrx_word' id='word_1_668' title='bbox 872 3782 963 3837; x_wconf 77' lang='lat' dir='ltr'>el&#39;lieie</span> <span class='ocrx_word' id='word_1_669' title='bbox 1014 3784 1156 3838; x_wconf 80' lang='lat' dir='ltr'>nativitate</span> <span class='ocrx_word' id='word_1_670' title='bbox 1170 3782 1407 3853; x_wconf 81' lang='lat' dir='ltr'>simileqnidpiam</span> <span class='ocrx_word' id='word_1_671' title='bbox 1420 3800 1468 3837; x_wconf 83' lang='lat' dir='ltr'>cns</span> <span class='ocrx_word' id='word_1_672' title='bbox 1480 3788 1612 3854; x_wconf 87' lang='lat' dir='ltr'>petituros</span> <span class='ocrx_word' id='word_1_673' title='bbox 1624 3794 1812 3861; x_wconf 78' lang='lat' dir='ltr'>presentiens,</span> 
     </span>
     <span class='ocr_line' id='line_1_65' title="bbox 166 3854 1814 3929; baseline 0.003 -14"><span class='ocrx_word' id='word_1_674' title='bbox 166 3860 309 3915; x_wconf 85' lang='lat' dir='ltr'>decrettrm</span> <span class='ocrx_word' id='word_1_675' title='bbox 322 3869 380 3915; x_wconf 89' lang='lat' dir='ltr'>erat</span> <span class='ocrx_word' id='word_1_676' title='bbox 393 3858 423 3915; x_wconf 91' lang='lat' dir='ltr'>S.</span> <span class='ocrx_word' id='word_1_677' title='bbox 439 3856 519 3929; x_wconf 74' lang='lat' dir='ltr'>Aire,</span> <span class='ocrx_word' id='word_1_678' title='bbox 534 3856 570 3910; x_wconf 91' lang='lat' dir='ltr'>ita</span> <span class='ocrx_word' id='word_1_679' title='bbox 586 3854 700 3911; x_wconf 73' lang='lat' dir='ltr'>Veronae</span> <span class='ocrx_word' id='word_1_680' title='bbox 715 3855 746 3909; x_wconf 86' lang='lat' dir='ltr'>S.</span> <span class='ocrx_word' id='word_1_681' title='bbox 765 3855 913 3920; x_wconf 81' lang='lat' dir='ltr'>Stephanae</span> <span class='ocrx_word' id='word_1_682' title='bbox 927 3854 963 3908; x_wconf 84' lang='lat' dir='ltr'>iiii</span> <span class='ocrx_word' id='word_1_683' title='bbox 1014 3863 1106 3908; x_wconf 78' lang='lat' dir='ltr'>nannet</span> <span class='ocrx_word' id='word_1_684' title='bbox 1118 3854 1270 3922; x_wconf 84' lang='lat' dir='ltr'>geriiturem</span> <span class='ocrx_word' id='word_1_685' title='bbox 1283 3855 1317 3909; x_wconf 94' lang='lat' dir='ltr'>ab</span> <span class='ocrx_word' id='word_1_686' title='bbox 1331 3857 1478 3923; x_wconf 79' lang='lat' dir='ltr'>astrologis</span> <span class='ocrx_word' id='word_1_687' title='bbox 1501 3859 1609 3926; x_wconf 85' lang='lat' dir='ltr'>quidem</span> <span class='ocrx_word' id='word_1_688' title='bbox 1626 3866 1765 3928; x_wconf 85' lang='lat' dir='ltr'>postulare</span> <span class='ocrx_word' id='word_1_689' title='bbox 1781 3866 1814 3921; x_wconf 91' lang='lat' dir='ltr'>li·</span> 
     </span>
     <span class='ocr_line' id='line_1_66' title="bbox 167 3921 1811 4003; baseline 0.002 -18"><span class='ocrx_word' id='word_1_690' title='bbox 167 3930 312 4003; x_wconf 65' lang='lat' dir='ltr'>Martyria,</span> <span class='ocrx_word' id='word_1_691' title='bbox 326 3930 359 3985; x_wconf 80' lang='lat' dir='ltr'>ad</span> <span class='ocrx_word' id='word_1_692' title='bbox 374 3942 455 4001; x_wconf 82' lang='lat' dir='ltr'>qttnrn</span> <span class='ocrx_word' id='word_1_693' title='bbox 468 3928 578 3998; x_wconf 18' lang='lat' dir='ltr'>,perenm</span> <span class='ocrx_word' id='word_1_694' title='bbox 593 3921 736 3983; x_wconf 84' lang='lat' dir='ltr'>cerle&#39;eiaet</span> <span class='ocrx_word' id='word_1_695' title='bbox 757 3927 874 3981; x_wconf 89' lang='lat' dir='ltr'>secanda</span> <span class='ocrx_word' id='word_1_696' title='bbox 896 3926 962 3980; x_wconf 90' lang='lat' dir='ltr'>leria</span> <span class='ocrx_word' id='word_1_697' title='bbox 1013 3925 1097 3978; x_wconf 90' lang='lat' dir='ltr'>citum</span> <span class='ocrx_word' id='word_1_698' title='bbox 1113 3922 1179 3995; x_wconf 79' lang='lat' dir='ltr'>ipsis</span> <span class='ocrx_word' id='word_1_699' title='bbox 1192 3942 1244 3978; x_wconf 79' lang='lat' dir='ltr'>iteri</span> <span class='ocrx_word' id='word_1_700' title='bbox 1255 3942 1326 3991; x_wconf 75' lang='lat' dir='ltr'>esse,</span> <span class='ocrx_word' id='word_1_701' title='bbox 1339 3926 1386 3981; x_wconf 87' lang='lat' dir='ltr'>sed</span> <span class='ocrx_word' id='word_1_702' title='bbox 1401 3926 1509 3982; x_wconf 89' lang='lat' dir='ltr'>interim</span> <span class='ocrx_word' id='word_1_703' title='bbox 1524 3931 1663 3999; x_wconf 75' lang='lat' dir='ltr'>prohetiam</span> <span class='ocrx_word' id='word_1_704' title='bbox 1680 3934 1811 3991; x_wconf 79' lang='lat' dir='ltr'>ohserva-</span> 
     </span>
     <span class='ocr_line' id='line_1_67' title="bbox 167 3995 1813 4069; baseline 0 -14"><span class='ocrx_word' id='word_1_705' title='bbox 167 4010 277 4069; x_wconf 77' lang='lat' dir='ltr'>paschae</span> <span class='ocrx_word' id='word_1_706' title='bbox 289 4000 394 4057; x_wconf 86' lang='lat' dir='ltr'>decimo</span> <span class='ocrx_word' id='word_1_707' title='bbox 408 4000 495 4055; x_wconf 89' lang='lat' dir='ltr'>adhue</span> <span class='ocrx_word' id='word_1_708' title='bbox 508 3999 609 4054; x_wconf 74' lang='lat' dir='ltr'>saceio</span> <span class='ocrx_word' id='word_1_709' title='bbox 621 3998 730 4052; x_wconf 83' lang='lat' dir='ltr'>ein-tier</span> <span class='ocrx_word' id='word_1_710' title='bbox 750 3998 893 4053; x_wconf 83' lang='lat' dir='ltr'>staitnnem</span> <span class='ocrx_word' id='word_1_711' title='bbox 915 3995 962 4050; x_wconf 91' lang='lat' dir='ltr'>lia·</span> <span class='ocrx_word' id='word_1_712' title='bbox 1014 3996 1115 4050; x_wconf 89' lang='lat' dir='ltr'>tieneiri</span> <span class='ocrx_word' id='word_1_713' title='bbox 1142 3997 1167 4050; x_wconf 93' lang='lat' dir='ltr'>irr</span> <span class='ocrx_word' id='word_1_714' title='bbox 1194 4012 1297 4050; x_wconf 79' lang='lat' dir='ltr'>sarram</span> <span class='ocrx_word' id='word_1_715' title='bbox 1315 4006 1499 4061; x_wconf 80' lang='lat' dir='ltr'>contrectent,</span> <span class='ocrx_word' id='word_1_716' title='bbox 1525 4015 1557 4055; x_wconf 82' lang='lat' dir='ltr'>es</span> <span class='ocrx_word' id='word_1_717' title='bbox 1575 4000 1670 4061; x_wconf 85' lang='lat' dir='ltr'>iisdem</span> <span class='ocrx_word' id='word_1_718' title='bbox 1687 4004 1813 4063; x_wconf 77' lang='lat' dir='ltr'>anincis</span> 
     </span>
     <span class='ocr_line' id='line_1_68' title="bbox 166 4066 1812 4143; baseline 0.004 -18"><span class='ocrx_word' id='word_1_719' title='bbox 166 4073 252 4130; x_wconf 88' lang='lat' dir='ltr'>bitanr</span> <span class='ocrx_word' id='word_1_720' title='bbox 275 4073 360 4143; x_wconf 76' lang='lat' dir='ltr'>liquet</span> <span class='ocrx_word' id='word_1_721' title='bbox 381 4087 414 4127; x_wconf 88' lang='lat' dir='ltr'>eir</span> <span class='ocrx_word' id='word_1_722' title='bbox 428 4070 527 4142; x_wconf 80' lang='lat' dir='ltr'>Caepio</span> <span class='ocrx_word' id='word_1_723' title='bbox 547 4086 597 4125; x_wconf 86' lang='lat' dir='ltr'>me.</span> <span class='ocrx_word' id='word_1_724' title='bbox 615 4069 744 4141; x_wconf 83' lang='lat' dir='ltr'>Stephani</span> <span class='ocrx_word' id='word_1_725' title='bbox 765 4066 918 4141; x_wconf 80' lang='lat' dir='ltr'>presbyteri</span> <span class='ocrx_word' id='word_1_726' title='bbox 935 4068 960 4123; x_wconf 92' lang='lat' dir='ltr'>in</span> <span class='ocrx_word' id='word_1_727' title='bbox 1013 4066 1098 4133; x_wconf 74' lang='lat' dir='ltr'>sigiris</span> <span class='ocrx_word' id='word_1_728' title='bbox 1109 4108 1116 4132; x_wconf 88' lang='lat'>,</span> <span class='ocrx_word' id='word_1_729' title='bbox 1129 4067 1227 4135; x_wconf 83' lang='lat' dir='ltr'>quihus</span> <span class='ocrx_word' id='word_1_730' title='bbox 1241 4066 1424 4124; x_wconf 85' lang='lat' dir='ltr'>mathematici</span> <span class='ocrx_word' id='word_1_731' title='bbox 1440 4068 1590 4135; x_wconf 72' lang='lat' dir='ltr'>getiltriram</span> <span class='ocrx_word' id='word_1_732' title='bbox 1605 4066 1727 4133; x_wconf 81' lang='lat' dir='ltr'>seribere</span> <span class='ocrx_word' id='word_1_733' title='bbox 1742 4079 1812 4134; x_wconf 87' lang='lat' dir='ltr'>seie-</span> 
     </span>
     <span class='ocr_line' id='line_1_69' title="bbox 166 4136 1813 4219; baseline 0 -20"><span class='ocrx_word' id='word_1_734' title='bbox 166 4143 334 4200; x_wconf 82' lang='lat' dir='ltr'>bibliotheca</span> <span class='ocrx_word' id='word_1_735' title='bbox 354 4143 470 4214; x_wconf 77' lang='lat' dir='ltr'>capituli</span> <span class='ocrx_word' id='word_1_736' title='bbox 495 4142 657 4197; x_wconf 80' lang='lat' dir='ltr'>Veronensis</span> <span class='ocrx_word' id='word_1_737' title='bbox 675 4136 799 4199; x_wconf 82' lang='lat' dir='ltr'>serrare.</span> <span class='ocrx_word' id='word_1_738' title='bbox 816 4142 861 4213; x_wconf 87' lang='lat' dir='ltr'>qui</span> <span class='ocrx_word' id='word_1_739' title='bbox 878 4138 962 4193; x_wconf 78' lang='lat' dir='ltr'>Vere·</span> <span class='ocrx_word' id='word_1_740' title='bbox 1013 4138 1094 4203; x_wconf 87' lang='lat' dir='ltr'>bant,</span> <span class='ocrx_word' id='word_1_741' title='bbox 1111 4139 1232 4207; x_wconf 87' lang='lat' dir='ltr'>spiritale</span> <span class='ocrx_word' id='word_1_742' title='bbox 1246 4139 1395 4194; x_wconf 80' lang='lat' dir='ltr'>intuitioni</span> <span class='ocrx_word' id='word_1_743' title='bbox 1414 4141 1501 4195; x_wconf 88' lang='lat' dir='ltr'>thema</span> <span class='ocrx_word' id='word_1_744' title='bbox 1517 4157 1566 4212; x_wconf 90' lang='lat' dir='ltr'>per</span> <span class='ocrx_word' id='word_1_745' title='bbox 1579 4144 1735 4219; x_wconf 80' lang='lat' dir='ltr'>allegoriam</span> <span class='ocrx_word' id='word_1_746' title='bbox 1751 4150 1813 4207; x_wconf 83' lang='lat' dir='ltr'>des-</span> 
     </span>
     <span class='ocr_line' id='line_1_70' title="bbox 166 4204 1811 4292; baseline -0.001 -20"><span class='ocrx_word' id='word_1_747' title='bbox 166 4216 264 4272; x_wconf 81' lang='lat' dir='ltr'>nensis</span> <span class='ocrx_word' id='word_1_748' title='bbox 280 4216 409 4272; x_wconf 77' lang='lat' dir='ltr'>Ecclesia</span> <span class='ocrx_word' id='word_1_749' title='bbox 422 4216 490 4269; x_wconf 83' lang='lat' dir='ltr'>ritee</span> <span class='ocrx_word' id='word_1_750' title='bbox 505 4215 531 4267; x_wconf 88' lang='lat' dir='ltr'>iii</span> <span class='ocrx_word' id='word_1_751' title='bbox 551 4213 611 4268; x_wconf 85' lang='lat' dir='ltr'>dice</span> <span class='ocrx_word' id='word_1_752' title='bbox 628 4212 750 4281; x_wconf 85' lang='lat' dir='ltr'>siegtrles</span> <span class='ocrx_word' id='word_1_753' title='bbox 765 4210 960 4282; x_wconf 69' lang='lat' dir='ltr'>arraseribeirs,</span> <span class='ocrx_word' id='word_1_754' title='bbox 1013 4204 1172 4285; x_wconf 79' lang='lat' dir='ltr'>criberrdirrir</span> <span class='ocrx_word' id='word_1_755' title='bbox 1186 4210 1351 4279; x_wconf 73' lang='lat' dir='ltr'>aggeratim.</span> <span class='ocrx_word' id='word_1_756' title='bbox 1365 4210 1394 4266; x_wconf 90' lang='lat' dir='ltr'>lit</span> <span class='ocrx_word' id='word_1_757' title='bbox 1411 4212 1498 4269; x_wconf 83' lang='lat' dir='ltr'>tribes</span> <span class='ocrx_word' id='word_1_758' title='bbox 1517 4230 1583 4270; x_wconf 88' lang='lat' dir='ltr'>mss.</span> <span class='ocrx_word' id='word_1_759' title='bbox 1596 4214 1605 4283; x_wconf 92' lang='lat'>,&#39;</span> <span class='ocrx_word' id='word_1_760' title='bbox 1620 4220 1740 4289; x_wconf 77' lang='lat' dir='ltr'>usurpati</span> <span class='ocrx_word' id='word_1_761' title='bbox 1760 4238 1811 4292; x_wconf 89' lang='lat' dir='ltr'>pro</span> 
     </span>
     <span class='ocr_line' id='line_1_71' title="bbox 165 4281 1302 4353; baseline -0.01 -11"><span class='ocrx_word' id='word_1_762' title='bbox 165 4289 263 4343; x_wconf 67' lang='lat' dir='ltr'>adem</span> <span class='ocrx_word' id='word_1_763' title='bbox 279 4288 399 4343; x_wconf 86' lang='lat' dir='ltr'>secrrnda</span> <span class='ocrx_word' id='word_1_764' title='bbox 414 4285 482 4341; x_wconf 83' lang='lat' dir='ltr'>leria</span> <span class='ocrx_word' id='word_1_765' title='bbox 497 4284 633 4339; x_wconf 76' lang='lat' dir='ltr'>sindonem</span> <span class='ocrx_word' id='word_1_766' title='bbox 643 4286 677 4339; x_wconf 84' lang='lat' dir='ltr'>nd</span> <span class='ocrx_word' id='word_1_767' title='bbox 692 4284 723 4339; x_wconf 88' lang='lat' dir='ltr'>S.</span> <span class='ocrx_word' id='word_1_768' title='bbox 741 4282 903 4353; x_wconf 79' lang='lat' dir='ltr'>Stephanum</span> <span class='ocrx_word' id='word_1_769' title='bbox 914 4298 960 4336; x_wconf 90' lang='lat' dir='ltr'>ire·</span> <span class='ocrx_word' id='word_1_770' title='bbox 1012 4282 1181 4350; x_wconf 79' lang='lat' dir='ltr'>risurpetione</span> <span class='ocrx_word' id='word_1_771' title='bbox 1195 4281 1302 4350; x_wconf 87' lang='lat' dir='ltr'>legitur.</span> 
     </span>
    </p>

    <p class='ocr_par' dir='ltr' id='par_1_16' title="bbox 162 4350 1813 4714">
     <span class='ocr_line' id='line_1_72' title="bbox 165 4350 1810 4433; baseline 0.001 -19"><span class='ocrx_word' id='word_1_772' title='bbox 165 4369 214 4414; x_wconf 83' lang='lat' dir='ltr'>tat.</span> <span class='ocrx_word' id='word_1_773' title='bbox 230 4359 295 4414; x_wconf 80' lang='lat' dir='ltr'>llaec</span> <span class='ocrx_word' id='word_1_774' title='bbox 309 4358 427 4427; x_wconf 82' lang='lat' dir='ltr'>poiroS.</span> <span class='ocrx_word' id='word_1_775' title='bbox 440 4356 569 4429; x_wconf 85' lang='lat' dir='ltr'>Stephani</span> <span class='ocrx_word' id='word_1_776' title='bbox 584 4355 697 4410; x_wconf 84' lang='lat' dir='ltr'>ecelesia</span> <span class='ocrx_word' id='word_1_777' title='bbox 714 4354 893 4408; x_wconf 83' lang='lat' dir='ltr'>vertistissima</span> <span class='ocrx_word' id='word_1_778' title='bbox 907 4363 960 4417; x_wconf 89' lang='lat' dir='ltr'>est,</span> <span class='ocrx_word' id='word_1_779' title='bbox 1047 4352 1090 4424; x_wconf 82' lang='grc'>(6)</span> <span class='ocrx_word' id='word_1_780' title='bbox 1112 4351 1278 4419; x_wconf 83' lang='lat' dir='ltr'>lioroampns</span> <span class='ocrx_word' id='word_1_781' title='bbox 1296 4350 1339 4406; x_wconf 88' lang='lat' dir='ltr'>hie</span> <span class='ocrx_word' id='word_1_782' title='bbox 1360 4362 1542 4424; x_wconf 86' lang='lat' dir='ltr'>estpurtcteni</span> <span class='ocrx_word' id='word_1_783' title='bbox 1564 4356 1630 4411; x_wconf 90' lang='lat' dir='ltr'>iliud</span> <span class='ocrx_word' id='word_1_784' title='bbox 1657 4362 1810 4433; x_wconf 89' lang='lat' dir='ltr'>temperis,</span> 
     </span>
     <span class='ocr_line' id='line_1_73' title="bbox 164 4420 1813 4501; baseline 0.001 -15"><span class='ocrx_word' id='word_1_785' title='bbox 164 4440 195 4485; x_wconf 86' lang='lat' dir='ltr'>et</span> <span class='ocrx_word' id='word_1_786' title='bbox 215 4430 381 4486; x_wconf 79' lang='lat' dir='ltr'>Theoderici</span> <span class='ocrx_word' id='word_1_787' title='bbox 404 4428 555 4485; x_wconf 71' lang='lat' dir='ltr'>Garamum</span> <span class='ocrx_word' id='word_1_788' title='bbox 570 4427 642 4497; x_wconf 82' lang='lat' dir='ltr'>regis</span> <span class='ocrx_word' id='word_1_789' title='bbox 658 4420 780 4501; x_wconf 76' lang='lat' dir='ltr'>temporit</span> <span class='ocrx_word' id='word_1_790' title='bbox 801 4425 857 4494; x_wconf 80' lang='lat' dir='ltr'>jam</span> <span class='ocrx_word' id='word_1_791' title='bbox 877 4425 963 4480; x_wconf 84' lang='lat' dir='ltr'>luisse</span> <span class='ocrx_word' id='word_1_792' title='bbox 1013 4426 1136 4494; x_wconf 83' lang='lat' dir='ltr'>quoqeis</span> <span class='ocrx_word' id='word_1_793' title='bbox 1151 4425 1279 4488; x_wconf 88' lang='lat' dir='ltr'>nascitur,</span> <span class='ocrx_word' id='word_1_794' title='bbox 1291 4423 1328 4476; x_wconf 92' lang='lat' dir='ltr'>nti</span> <span class='ocrx_word' id='word_1_795' title='bbox 1340 4424 1412 4494; x_wconf 89' lang='lat' dir='ltr'>aprrd</span> <span class='ocrx_word' id='word_1_796' title='bbox 1423 4425 1545 4480; x_wconf 87' lang='lat' dir='ltr'>Persium</span> <span class='ocrx_word' id='word_1_797' title='bbox 1556 4428 1613 4482; x_wconf 88' lang='lat' dir='ltr'>Sat.</span> <span class='ocrx_word' id='word_1_798' title='bbox 1629 4444 1666 4495; x_wconf 82' lang='lat' dir='ltr'>nr,</span> <span class='ocrx_word' id='word_1_799' title='bbox 1680 4446 1753 4486; x_wconf 82' lang='lat' dir='ltr'>vers.</span> <span class='ocrx_word' id='word_1_800' title='bbox 1768 4433 1813 4489; x_wconf 90' lang='lat' dir='ltr'>l8:</span> 
     </span>
     <span class='ocr_line' id='line_1_74' title="bbox 163 4495 1812 4575; baseline -0.001 -18"><span class='ocrx_word' id='word_1_801' title='bbox 163 4512 276 4557; x_wconf 78' lang='lat' dir='ltr'>minema</span> <span class='ocrx_word' id='word_1_802' title='bbox 290 4516 323 4557; x_wconf 84' lang='lat' dir='ltr'>er</span> <span class='ocrx_word' id='word_1_803' title='bbox 344 4496 488 4573; x_wconf 74' lang='lat' dir='ltr'>Anonymo</span> <span class='ocrx_word' id='word_1_804' title='bbox 501 4499 662 4561; x_wconf 79' lang='lat' dir='ltr'>Valeriano,</span> <span class='ocrx_word' id='word_1_805' title='bbox 677 4505 706 4551; x_wconf 87' lang='lat' dir='ltr'>et</span> <span class='ocrx_word' id='word_1_806' title='bbox 722 4497 757 4550; x_wconf 82' lang='lat' dir='ltr'>nii</span> <span class='ocrx_word' id='word_1_807' title='bbox 778 4495 906 4567; x_wconf 74' lang='lat' dir='ltr'>iimtprei</span> <span class='ocrx_word' id='word_1_808' title='bbox 920 4496 960 4550; x_wconf 88' lang='lat' dir='ltr'>irt-</span> <span class='ocrx_word' id='word_1_809' title='bbox 1014 4496 1138 4550; x_wconf 80' lang='lat' dir='ltr'>llanmes</span> <span class='ocrx_word' id='word_1_810' title='bbox 1164 4495 1211 4549; x_wconf 90' lang='lat' dir='ltr'>irb.</span> <span class='ocrx_word' id='word_1_811' title='bbox 1229 4508 1272 4555; x_wconf 85' lang='lat' dir='ltr'>m.</span> <span class='ocrx_word' id='word_1_812' title='bbox 1289 4511 1360 4549; x_wconf 82' lang='lat' dir='ltr'>eers.</span> <span class='ocrx_word' id='word_1_813' title='bbox 1385 4495 1456 4563; x_wconf 82' lang='grc'><strong>189,</strong></span> <span class='ocrx_word' id='word_1_814' title='bbox 1476 4498 1585 4552; x_wconf 85' lang='lat' dir='ltr'>orrieiirn</span> <span class='ocrx_word' id='word_1_815' title='bbox 1609 4498 1740 4556; x_wconf 82' lang='lat' dir='ltr'>cardinem</span> <span class='ocrx_word' id='word_1_816' title='bbox 1764 4519 1812 4575; x_wconf 85' lang='lat' dir='ltr'>ap-</span> 
     </span>
     <span class='ocr_line' id='line_1_75' title="bbox 162 4552 1811 4651; baseline 0 -22"><span class='ocrx_word' id='word_1_817' title='bbox 162 4573 242 4629; x_wconf 86' lang='lat' dir='ltr'>eireo</span> <span class='ocrx_word' id='word_1_818' title='bbox 257 4582 429 4642; x_wconf 78' lang='lat' dir='ltr'>pericopam,</span> <span class='ocrx_word' id='word_1_819' title='bbox 452 4569 525 4641; x_wconf 83' lang='lat' dir='ltr'>thrd</span> <span class='ocrx_word' id='word_1_820' title='bbox 538 4568 714 4640; x_wconf 68' lang='lat' dir='ltr'>rruztdraginia</span> <span class='ocrx_word' id='word_1_821' title='bbox 727 4567 873 4640; x_wconf 85' lang='lat' dir='ltr'>llortyinm</span> <span class='ocrx_word' id='word_1_822' title='bbox 897 4584 958 4622; x_wconf 89' lang='lat' dir='ltr'>cer·</span> <span class='ocrx_word' id='word_1_823' title='bbox 972 4552 998 4613; x_wconf 81' lang='lat' dir='ltr'>D</span> <span class='ocrx_word' id='word_1_824' title='bbox 1012 4569 1103 4638; x_wconf 88' lang='lat' dir='ltr'>pellat.</span> <span class='ocrx_word' id='word_1_825' title='bbox 1132 4567 1159 4621; x_wconf 90' lang='lat' dir='ltr'>lii</span> <span class='ocrx_word' id='word_1_826' title='bbox 1182 4566 1289 4623; x_wconf 89' lang='lat' dir='ltr'>duobus</span> <span class='ocrx_word' id='word_1_827' title='bbox 1305 4583 1370 4621; x_wconf 78' lang='lat' dir='ltr'>nisa.</span> <span class='ocrx_word' id='word_1_828' title='bbox 1396 4566 1526 4640; x_wconf 78' lang='lat' dir='ltr'>Oroscopi</span> <span class='ocrx_word' id='word_1_829' title='bbox 1541 4570 1601 4624; x_wconf 90' lang='lat' dir='ltr'>sine</span> <span class='ocrx_word' id='word_1_830' title='bbox 1623 4572 1811 4651; x_wconf 85' lang='lat' dir='ltr'>adspiratione</span> 
     </span>
     <span class='ocr_line' id='line_1_76' title="bbox 163 4638 1150 4714; baseline -0.009 -13"><span class='ocrx_word' id='word_1_831' title='bbox 163 4660 232 4714; x_wconf 77' lang='lat' dir='ltr'>prora</span> <span class='ocrx_word' id='word_1_832' title='bbox 248 4645 349 4700; x_wconf 89' lang='lat' dir='ltr'>ibidem</span> <span class='ocrx_word' id='word_1_833' title='bbox 369 4642 555 4714; x_wconf 82' lang='lat' dir='ltr'>requiescant,</span> <span class='ocrx_word' id='word_1_834' title='bbox 579 4641 613 4696; x_wconf 91' lang='lat' dir='ltr'>de</span> <span class='ocrx_word' id='word_1_835' title='bbox 633 4641 728 4712; x_wconf 83' lang='lat' dir='ltr'>quibes</span> <span class='ocrx_word' id='word_1_836' title='bbox 745 4638 958 4709; x_wconf 78' lang='lat' dir='ltr'>praciareAiio·</span> <span class='ocrx_word' id='word_1_837' title='bbox 1012 4640 1150 4695; x_wconf 85' lang='lat' dir='ltr'>scribitur.</span> 
     </span>
    </p>

    <p class='ocr_par' dir='ltr' id='par_1_17' title="bbox 162 4706 1815 5070">
     <span class='ocr_line' id='line_1_77' title="bbox 162 4706 1815 4799; baseline -0.001 -28"><span class='ocrx_word' id='word_1_838' title='bbox 162 4731 266 4788; x_wconf 76' lang='lat' dir='ltr'>nymes</span> <span class='ocrx_word' id='word_1_839' title='bbox 283 4715 441 4785; x_wconf 75' lang='lat' dir='ltr'>Pipiniaeiis</span> <span class='ocrx_word' id='word_1_840' title='bbox 462 4715 490 4773; x_wconf 89' lang='lat' dir='ltr'>in</span> <span class='ocrx_word' id='word_1_841' title='bbox 510 4706 628 4786; x_wconf 72' lang='lat' dir='ltr'>ityhhmo</span> <span class='ocrx_word' id='word_1_842' title='bbox 641 4714 676 4767; x_wconf 88' lang='lat' dir='ltr'>de</span> <span class='ocrx_word' id='word_1_843' title='bbox 695 4711 811 4768; x_wconf 76' lang='lat' dir='ltr'>lictoriae</span> <span class='ocrx_word' id='word_1_844' title='bbox 834 4711 958 4769; x_wconf 88' lang='lat' dir='ltr'>laudibus</span> <span class='ocrx_word' id='word_1_845' title='bbox 1049 4712 1088 4779; x_wconf 83' lang='lat' dir='ltr'>(ii</span> <span class='ocrx_word' id='word_1_846' title='bbox 1112 4709 1154 4763; x_wconf 87' lang='lat' dir='ltr'>Ab</span> <span class='ocrx_word' id='word_1_847' title='bbox 1169 4709 1260 4764; x_wconf 88' lang='lat' dir='ltr'>Ariete</span> <span class='ocrx_word' id='word_1_848' title='bbox 1286 4718 1380 4765; x_wconf 90' lang='lat' dir='ltr'>arrctnr</span> <span class='ocrx_word' id='word_1_849' title='bbox 1395 4709 1521 4780; x_wconf 87' lang='lat' dir='ltr'>itiroepit,</span> <span class='ocrx_word' id='word_1_850' title='bbox 1544 4714 1693 4782; x_wconf 78' lang='lat' dir='ltr'>genitricem</span> <span class='ocrx_word' id='word_1_851' title='bbox 1719 4716 1815 4799; x_wconf 71' lang='lat' dir='ltr'>mysti-</span> 
     </span>
     <span class='ocr_line' id='line_1_78' title="bbox 163 4780 1813 4859; baseline -0.002 -16"><span class='ocrx_word' id='word_1_852' title='bbox 163 4802 228 4858; x_wconf 81' lang='lat' dir='ltr'>peg.</span> <span class='ocrx_word' id='word_1_853' title='bbox 248 4788 301 4845; x_wconf 84' lang='lat' dir='ltr'>tuo</span> <span class='ocrx_word' id='word_1_854' title='bbox 320 4787 384 4843; x_wconf 85' lang='lat' dir='ltr'>hist.</span> <span class='ocrx_word' id='word_1_855' title='bbox 412 4786 593 4855; x_wconf 71' lang='lat' dir='ltr'>diplomaticae</span> <span class='ocrx_word' id='word_1_856' title='bbox 607 4783 770 4840; x_wconf 71' lang='lat' dir='ltr'>hareliionis</span> <span class='ocrx_word' id='word_1_857' title='bbox 784 4781 881 4837; x_wconf 84' lang='lat' dir='ltr'>italieii</span> <span class='ocrx_word' id='word_1_858' title='bbox 897 4801 903 4836; x_wconf 73' lang='grc' dir='ltr'><em>τ</em></span> <span class='ocrx_word' id='word_1_859' title='bbox 920 4785 958 4836; x_wconf 87' lang='lat' dir='ltr'>Ab</span> <span class='ocrx_word' id='word_1_860' title='bbox 1012 4796 1071 4837; x_wconf 91' lang='lat' dir='ltr'>caer</span> <span class='ocrx_word' id='word_1_861' title='bbox 1094 4780 1243 4852; x_wconf 80' lang='lat' dir='ltr'>Neophytis</span> <span class='ocrx_word' id='word_1_862' title='bbox 1263 4781 1440 4846; x_wconf 84' lang='lat' dir='ltr'>conditores,</span> <span class='ocrx_word' id='word_1_863' title='bbox 1460 4793 1516 4836; x_wconf 90' lang='lat' dir='ltr'>tem</span> <span class='ocrx_word' id='word_1_864' title='bbox 1529 4784 1600 4852; x_wconf 79' lang='lat' dir='ltr'>perid</span> <span class='ocrx_word' id='word_1_865' title='bbox 1619 4785 1654 4839; x_wconf 89' lang='lat' dir='ltr'>ab</span> <span class='ocrx_word' id='word_1_866' title='bbox 1669 4784 1720 4840; x_wconf 91' lang='lat' dir='ltr'>hoc</span> <span class='ocrx_word' id='word_1_867' title='bbox 1735 4802 1813 4859; x_wconf 86' lang='lat' dir='ltr'>sigen</span> 
     </span>
     <span class='ocr_line' id='line_1_79' title="bbox 164 4851 1813 4927; baseline -0.004 -14"><span class='ocrx_word' id='word_1_868' title='bbox 164 4856 273 4921; x_wconf 81' lang='lat' dir='ltr'>Oriente</span> <span class='ocrx_word' id='word_1_869' title='bbox 298 4858 376 4913; x_wconf 83' lang='lat' dir='ltr'>hedes</span> <span class='ocrx_word' id='word_1_870' title='bbox 396 4859 507 4927; x_wconf 84' lang='lat' dir='ltr'>pririiiiei</span> <span class='ocrx_word' id='word_1_871' title='bbox 533 4864 745 4927; x_wconf 69' lang='lat' dir='ltr'>protomartyrem</span> <span class='ocrx_word' id='word_1_872' title='bbox 776 4854 953 4926; x_wconf 68' lang='lat' dir='ltr'>Septimium,</span> <span class='ocrx_word' id='word_1_873' title='bbox 1011 4867 1098 4908; x_wconf 87' lang='lat' dir='ltr'>antius</span> <span class='ocrx_word' id='word_1_874' title='bbox 1110 4851 1244 4908; x_wconf 71' lang='lat' dir='ltr'>ordiretur</span> <span class='ocrx_word' id='word_1_875' title='bbox 1259 4868 1312 4907; x_wconf 90' lang='lat' dir='ltr'>iton</span> <span class='ocrx_word' id='word_1_876' title='bbox 1327 4853 1413 4913; x_wconf 78' lang='lat' dir='ltr'>ciuilis</span> <span class='ocrx_word' id='word_1_877' title='bbox 1426 4852 1525 4919; x_wconf 80' lang='lat' dir='ltr'>solitar,</span> <span class='ocrx_word' id='word_1_878' title='bbox 1543 4854 1590 4909; x_wconf 91' lang='lat' dir='ltr'>sed</span> <span class='ocrx_word' id='word_1_879' title='bbox 1602 4852 1813 4914; x_wconf 69' lang='lat' dir='ltr'>Ecclesiasticus</span> 
     </span>
     <span class='ocr_line' id='line_1_80' title="bbox 163 4925 1812 4998; baseline 0.001 -14"><span class='ocrx_word' id='word_1_880' title='bbox 163 4928 351 4996; x_wconf 79' lang='lat' dir='ltr'>Florentium,</span> <span class='ocrx_word' id='word_1_881' title='bbox 372 4927 571 4989; x_wconf 79' lang='lat' dir='ltr'>Vindemialem,</span> <span class='ocrx_word' id='word_1_882' title='bbox 598 4939 621 4981; x_wconf 84' lang='lat' dir='ltr'>et</span> <span class='ocrx_word' id='word_1_883' title='bbox 646 4926 769 4983; x_wconf 65' lang='lat' dir='ltr'>fluerem</span> <span class='ocrx_word' id='word_1_884' title='bbox 790 4930 957 4998; x_wconf 82' lang='lat' dir='ltr'>episcopani,</span> <span class='ocrx_word' id='word_1_885' title='bbox 1011 4926 1111 4990; x_wconf 86' lang='lat' dir='ltr'>etiarn,</span> <span class='ocrx_word' id='word_1_886' title='bbox 1134 4940 1214 4994; x_wconf 81' lang='lat' dir='ltr'>qrrern</span> <span class='ocrx_word' id='word_1_887' title='bbox 1233 4941 1247 4977; x_wconf 91' lang='lat' dir='ltr'>a</span> <span class='ocrx_word' id='word_1_888' title='bbox 1265 4925 1399 4992; x_wconf 79' lang='lat' dir='ltr'>paschata</span> <span class='ocrx_word' id='word_1_889' title='bbox 1416 4929 1485 4979; x_wconf 88' lang='lat' dir='ltr'>intra</span> <span class='ocrx_word' id='word_1_890' title='bbox 1501 4928 1601 4981; x_wconf 81' lang='lat' dir='ltr'>Arietis</span> <span class='ocrx_word' id='word_1_891' title='bbox 1619 4927 1725 4997; x_wconf 82' lang='lat' dir='ltr'>signem</span> <span class='ocrx_word' id='word_1_892' title='bbox 1741 4927 1812 4986; x_wconf 90' lang='lat' dir='ltr'>leci·</span> 
     </span>
     <span class='ocr_line' id='line_1_81' title="bbox 163 4994 1809 5070; baseline 0 -13"><span class='ocrx_word' id='word_1_893' title='bbox 163 5000 283 5058; x_wconf 72' lang='lat' dir='ltr'>ilumeris</span> <span class='ocrx_word' id='word_1_894' title='bbox 295 5042 306 5065; x_wconf 85' lang='lat'>,</span> <span class='ocrx_word' id='word_1_895' title='bbox 319 4996 514 5067; x_wconf 78' lang='lat' dir='ltr'>Aridronicuitt,</span> <span class='ocrx_word' id='word_1_896' title='bbox 527 5010 552 5056; x_wconf 86' lang='lat' dir='ltr'>et</span> <span class='ocrx_word' id='word_1_897' title='bbox 568 4994 681 5053; x_wconf 83' lang='lat' dir='ltr'>Probum</span> <span class='ocrx_word' id='word_1_898' title='bbox 705 5015 763 5054; x_wconf 85' lang='lat' dir='ltr'>euni</span> <span class='ocrx_word' id='word_1_899' title='bbox 788 4998 959 5070; x_wconf 76' lang='lat' dir='ltr'>quadraginta</span> <span class='ocrx_word' id='word_1_900' title='bbox 1011 4995 1095 5052; x_wconf 87' lang='lat' dir='ltr'>tlettte</span> <span class='ocrx_word' id='word_1_901' title='bbox 1109 4996 1216 5049; x_wconf 90' lang='lat' dir='ltr'>initium</span> <span class='ocrx_word' id='word_1_902' title='bbox 1229 4998 1378 5065; x_wconf 59' lang='lat' dir='ltr'>sumpsisse</span> <span class='ocrx_word' id='word_1_903' title='bbox 1392 4996 1543 5051; x_wconf 83' lang='lat' dir='ltr'>ridebimus</span> <span class='ocrx_word' id='word_1_904' title='bbox 1553 4998 1645 5054; x_wconf 87' lang='lat' dir='ltr'>adnot.</span> <span class='ocrx_word' id='word_1_905' title='bbox 1659 5000 1677 5054; x_wconf 74' lang='lat' dir='ltr'>‘t</span> <span class='ocrx_word' id='word_1_906' title='bbox 1689 5003 1716 5055; x_wconf 92' lang='lat' dir='ltr'>in</span> <span class='ocrx_word' id='word_1_907' title='bbox 1730 5009 1809 5057; x_wconf 73' lang='lat' dir='ltr'>tract</span> 
     </span>
    </p>
   </div>
   <div class='ocr_carea' id='block_1_13' title="bbox 158 5070 959 5857">
    <p class='ocr_par' dir='ltr' id='par_1_18' title="bbox 158 5070 959 5857">
     <span class='ocr_line' id='line_1_82' title="bbox 162 5070 959 5145; baseline -0.009 -14"><span class='ocrx_word' id='word_1_908' title='bbox 162 5071 337 5145; x_wconf 70' lang='lat' dir='ltr'>Herrgrilnii.</span> <span class='ocrx_word' id='word_1_909' title='bbox 359 5071 461 5133; x_wconf 82' lang='lat' dir='ltr'>llorere</span> <span class='ocrx_word' id='word_1_910' title='bbox 474 5072 639 5129; x_wconf 89' lang='lat' dir='ltr'>iperrtieeetn</span> <span class='ocrx_word' id='word_1_911' title='bbox 658 5070 723 5125; x_wconf 91' lang='lat' dir='ltr'>iacit</span> <span class='ocrx_word' id='word_1_912' title='bbox 743 5070 861 5125; x_wconf 82' lang='lat' dir='ltr'>learrnes</span> <span class='ocrx_word' id='word_1_913' title='bbox 885 5085 959 5138; x_wconf 89' lang='lat' dir='ltr'>pres·</span> 
     </span>
     <span class='ocr_line' id='line_1_83' title="bbox 162 5141 957 5219; baseline -0.008 -18"><span class='ocrx_word' id='word_1_914' title='bbox 162 5146 246 5217; x_wconf 70' lang='lat' dir='ltr'>brier</span> <span class='ocrx_word' id='word_1_915' title='bbox 268 5142 486 5219; x_wconf 65' lang='lat' dir='ltr'>icroeeniipie</span> <span class='ocrx_word' id='word_1_916' title='bbox 507 5142 625 5201; x_wconf 84' lang='lat' dir='ltr'>liisteria</span> <span class='ocrx_word' id='word_1_917' title='bbox 647 5141 782 5210; x_wconf 83' lang='lat' dir='ltr'>imperiali</span> <span class='ocrx_word' id='word_1_918' title='bbox 802 5156 852 5195; x_wconf 90' lang='lat' dir='ltr'>ms.</span> <span class='ocrx_word' id='word_1_919' title='bbox 871 5142 917 5195; x_wconf 90' lang='lat' dir='ltr'>titi.</span> <span class='ocrx_word' id='word_1_920' title='bbox 933 5159 957 5209; x_wconf 92' lang='grc' dir='ltr'>ι,</span> 
     </span>
     <span class='ocr_line' id='line_1_84' title="bbox 162 5211 957 5287; baseline -0.004 -15"><span class='ocrx_word' id='word_1_921' title='bbox 162 5231 226 5287; x_wconf 80' lang='lat' dir='ltr'>pag.</span> <span class='ocrx_word' id='word_1_922' title='bbox 251 5215 317 5281; x_wconf 77' lang='grc'><strong>150,</strong></span> <span class='ocrx_word' id='word_1_923' title='bbox 341 5215 419 5284; x_wconf 77' lang='lat' dir='ltr'>cuins</span> <span class='ocrx_word' id='word_1_924' title='bbox 441 5214 619 5285; x_wconf 72' lang='lat' dir='ltr'>irawientmn</span> <span class='ocrx_word' id='word_1_925' title='bbox 631 5229 664 5269; x_wconf 82' lang='lat' dir='ltr'>ex</span> <span class='ocrx_word' id='word_1_926' title='bbox 679 5214 774 5275; x_wconf 88' lang='lat' dir='ltr'>codice</span> <span class='ocrx_word' id='word_1_927' title='bbox 793 5211 957 5281; x_wconf 85' lang='lat' dir='ltr'>descriptum</span> 
     </span>
     <span class='ocr_line' id='line_1_85' title="bbox 162 5284 958 5363; baseline -0.003 -22"><span class='ocrx_word' id='word_1_928' title='bbox 162 5290 200 5346; x_wconf 89' lang='lat' dir='ltr'>ab</span> <span class='ocrx_word' id='word_1_929' title='bbox 216 5285 557 5363; x_wconf 69' lang='lat' dir='ltr'>ilioreepnmlartarntio,</span> <span class='ocrx_word' id='word_1_930' title='bbox 572 5284 702 5355; x_wconf 81' lang='lat' dir='ltr'>nobisque</span> <span class='ocrx_word' id='word_1_931' title='bbox 717 5284 871 5343; x_wconf 82' lang='lat' dir='ltr'>humaniter</span> <span class='ocrx_word' id='word_1_932' title='bbox 885 5299 958 5339; x_wconf 92' lang='lat' dir='ltr'>coin·</span> 
     </span>
     <span class='ocr_line' id='line_1_86' title="bbox 163 5354 957 5427; baseline -0.005 -14"><span class='ocrx_word' id='word_1_933' title='bbox 163 5361 334 5419; x_wconf 85' lang='lat' dir='ltr'>manicatum</span> <span class='ocrx_word' id='word_1_934' title='bbox 369 5357 431 5419; x_wconf 84' lang='lat' dir='ltr'>licie</span> <span class='ocrx_word' id='word_1_935' title='bbox 449 5357 536 5415; x_wconf 85' lang='lat' dir='ltr'>edere</span> <span class='ocrx_word' id='word_1_936' title='bbox 561 5357 672 5427; x_wconf 81' lang='lat' dir='ltr'>plausit.</span> <span class='ocrx_word' id='word_1_937' title='bbox 688 5354 807 5413; x_wconf 83' lang='lat' dir='ltr'>loannes</span> <span class='ocrx_word' id='word_1_938' title='bbox 835 5355 878 5409; x_wconf 91' lang='lat' dir='ltr'>hie</span> <span class='ocrx_word' id='word_1_939' title='bbox 903 5369 957 5409; x_wconf 83' lang='lat' dir='ltr'>sie·</span> 
     </span>
     <span class='ocr_line' id='line_1_87' title="bbox 163 5425 957 5497; baseline -0.009 -10"><span class='ocrx_word' id='word_1_940' title='bbox 163 5433 220 5487; x_wconf 89' lang='lat' dir='ltr'>eeli</span> <span class='ocrx_word' id='word_1_941' title='bbox 243 5446 288 5489; x_wconf 80' lang='lat' dir='ltr'>xri</span> <span class='ocrx_word' id='word_1_942' title='bbox 305 5429 424 5491; x_wconf 58' lang='lat' dir='ltr'>miritis</span> <span class='ocrx_word' id='word_1_943' title='bbox 447 5432 564 5497; x_wconf 83' lang='lat' dir='ltr'>scriptor</span> <span class='ocrx_word' id='word_1_944' title='bbox 584 5428 619 5485; x_wconf 88' lang='lat' dir='ltr'>de</span> <span class='ocrx_word' id='word_1_945' title='bbox 635 5426 743 5497; x_wconf 77' lang='lat' dir='ltr'>Virgine</span> <span class='ocrx_word' id='word_1_946' title='bbox 757 5426 880 5487; x_wconf 81' lang='lat' dir='ltr'>scribens</span> <span class='ocrx_word' id='word_1_947' title='bbox 894 5425 957 5481; x_wconf 86' lang='lat' dir='ltr'>Pia·</span> 
     </span>
     <span class='ocr_line' id='line_1_88' title="bbox 163 5498 955 5573; baseline -0.009 -16"><span class='ocrx_word' id='word_1_948' title='bbox 163 5501 247 5562; x_wconf 87' lang='lat' dir='ltr'>eidia.</span> <span class='ocrx_word' id='word_1_949' title='bbox 261 5518 324 5573; x_wconf 73' lang='lat' dir='ltr'>que</span> <span class='ocrx_word' id='word_1_950' title='bbox 336 5517 350 5557; x_wconf 89' lang='grc' dir='ltr'>ι</span> <span class='ocrx_word' id='word_1_951' title='bbox 364 5501 402 5559; x_wconf 88' lang='lat' dir='ltr'>id.</span> <span class='ocrx_word' id='word_1_952' title='bbox 419 5500 529 5557; x_wconf 77' lang='lat' dir='ltr'>octobris</span> <span class='ocrx_word' id='word_1_953' title='bbox 545 5499 661 5570; x_wconf 82' lang='lat' dir='ltr'>rnigreeit</span> <span class='ocrx_word' id='word_1_954' title='bbox 680 5499 714 5554; x_wconf 87' lang='lat' dir='ltr'>eii</span> <span class='ocrx_word' id='word_1_955' title='bbox 737 5498 889 5560; x_wconf 62' lang='lat' dir='ltr'>mairem,</span> <span class='ocrx_word' id='word_1_956' title='bbox 910 5513 955 5551; x_wconf 85' lang='lat' dir='ltr'>en·</span> 
     </span>
     <span class='ocr_line' id='line_1_89' title="bbox 158 5568 957 5647; baseline -0.008 -19"><span class='ocrx_word' id='word_1_957' title='bbox 158 5576 256 5647; x_wconf 75' lang='lat' dir='ltr'>jurene</span> <span class='ocrx_word' id='word_1_958' title='bbox 268 5586 363 5643; x_wconf 77' lang='lat' dir='ltr'>emper</span> <span class='ocrx_word' id='word_1_959' title='bbox 372 5574 399 5633; x_wconf 91' lang='lat' dir='ltr'>iri</span> <span class='ocrx_word' id='word_1_960' title='bbox 411 5570 520 5643; x_wconf 73' lang='lat' dir='ltr'>eschili</span> <span class='ocrx_word' id='word_1_961' title='bbox 535 5568 625 5629; x_wconf 76' lang='lat' dir='ltr'>Stricti</span> <span class='ocrx_word' id='word_1_962' title='bbox 636 5568 763 5639; x_wconf 84' lang='lat' dir='ltr'>Stephani</span> <span class='ocrx_word' id='word_1_963' title='bbox 776 5570 803 5624; x_wconf 89' lang='lat' dir='ltr'>in</span> <span class='ocrx_word' id='word_1_964' title='bbox 817 5568 957 5624; x_wconf 83' lang='lat' dir='ltr'>carietto...</span> 
     </span>
     <span class='ocr_line' id='line_1_90' title="bbox 163 5639 959 5715; baseline -0.006 -15"><span class='ocrx_word' id='word_1_965' title='bbox 163 5645 296 5715; x_wconf 83' lang='lat' dir='ltr'>repeliunt</span> <span class='ocrx_word' id='word_1_966' title='bbox 312 5644 377 5715; x_wconf 77' lang='lat' dir='ltr'>seit,</span> <span class='ocrx_word' id='word_1_967' title='bbox 394 5645 446 5699; x_wconf 89' lang='lat' dir='ltr'>ista</span> <span class='ocrx_word' id='word_1_968' title='bbox 470 5643 600 5713; x_wconf 70' lang='lat' dir='ltr'>subjicit:</span> <span class='ocrx_word' id='word_1_969' title='bbox 616 5639 681 5697; x_wconf 81' lang='lat' dir='ltr'>llice</span> <span class='ocrx_word' id='word_1_970' title='bbox 703 5641 811 5699; x_wconf 81' lang='lat' dir='ltr'>ecclesie</span> <span class='ocrx_word' id='word_1_971' title='bbox 830 5641 891 5696; x_wconf 76' lang='lat' dir='ltr'>olen</span> <span class='ocrx_word' id='word_1_972' title='bbox 911 5641 959 5711; x_wconf 74' lang='lat' dir='ltr'>init</span> 
     </span>
     <span class='ocr_line' id='line_1_91' title="bbox 163 5708 959 5785; baseline -0.006 -14"><span class='ocrx_word' id='word_1_973' title='bbox 163 5717 324 5773; x_wconf 80' lang='lat' dir='ltr'>cathedralis</span> <span class='ocrx_word' id='word_1_974' title='bbox 339 5715 449 5772; x_wconf 83' lang='lat' dir='ltr'>ecclesie</span> <span class='ocrx_word' id='word_1_975' title='bbox 464 5708 627 5779; x_wconf 74' lang='lat' dir='ltr'>Veneriensis,</span> <span class='ocrx_word' id='word_1_976' title='bbox 644 5715 670 5767; x_wconf 89' lang='lat' dir='ltr'>in</span> <span class='ocrx_word' id='word_1_977' title='bbox 684 5729 736 5783; x_wconf 80' lang='lat' dir='ltr'>prta</span> <span class='ocrx_word' id='word_1_978' title='bbox 747 5714 835 5785; x_wconf 81' lang='lat' dir='ltr'>jecerat</span> <span class='ocrx_word' id='word_1_979' title='bbox 851 5728 959 5785; x_wconf 82' lang='lat' dir='ltr'>corpere</span> 
     </span>
     <span class='ocr_line' id='line_1_92' title="bbox 165 5782 958 5857; baseline -0.008 -12"><span class='ocrx_word' id='word_1_980' title='bbox 165 5789 325 5845; x_wconf 74' lang='grc' dir='ltr'>δίιιιιιοηιιιι</span> <span class='ocrx_word' id='word_1_981' title='bbox 336 5785 481 5857; x_wconf 74' lang='lat' dir='ltr'>liertpruni</span> <span class='ocrx_word' id='word_1_982' title='bbox 493 5802 527 5843; x_wconf 86' lang='lat' dir='ltr'>se</span> <span class='ocrx_word' id='word_1_983' title='bbox 541 5786 583 5857; x_wconf 79' lang='lat' dir='ltr'>piri</span> <span class='ocrx_word' id='word_1_984' title='bbox 597 5784 643 5841; x_wconf 82' lang='lat' dir='ltr'>inlr</span> <span class='ocrx_word' id='word_1_985' title='bbox 655 5782 817 5842; x_wconf 74' lang='lat' dir='ltr'>Diocletiano</span> <span class='ocrx_word' id='word_1_986' title='bbox 828 5784 854 5839; x_wconf 92' lang='lat' dir='ltr'>iii</span> <span class='ocrx_word' id='word_1_987' title='bbox 869 5784 958 5840; x_wconf 86' lang='lat' dir='ltr'>eodeni</span> 
     </span>
    </p>
   </div>
   <div class='ocr_carea' id='block_1_14' title="bbox 1010 5066 1813 5854">
    <p class='ocr_par' dir='ltr' id='par_1_19' title="bbox 1010 5066 1813 5782">
     <span class='ocr_line' id='line_1_93' title="bbox 1011 5066 1811 5143; baseline 0.006 -19"><span class='ocrx_word' id='word_1_988' title='bbox 1011 5068 1058 5133; x_wconf 78' lang='grc'>15,</span> <span class='ocrx_word' id='word_1_989' title='bbox 1073 5084 1126 5137; x_wconf 79' lang='lat' dir='ltr'>erte</span> <span class='ocrx_word' id='word_1_990' title='bbox 1140 5069 1249 5136; x_wconf 81' lang='lat' dir='ltr'>quidem</span> <span class='ocrx_word' id='word_1_991' title='bbox 1272 5077 1394 5135; x_wconf 89' lang='lat' dir='ltr'>tempere</span> <span class='ocrx_word' id='word_1_992' title='bbox 1413 5066 1548 5140; x_wconf 81' lang='lat' dir='ltr'>Neophyti</span> <span class='ocrx_word' id='word_1_993' title='bbox 1568 5086 1616 5139; x_wconf 80' lang='lat' dir='ltr'>per</span> <span class='ocrx_word' id='word_1_994' title='bbox 1637 5073 1769 5143; x_wconf 86' lang='lat' dir='ltr'>baptisma</span> <span class='ocrx_word' id='word_1_995' title='bbox 1783 5074 1811 5130; x_wconf 90' lang='lat' dir='ltr'>in</span> 
     </span>
     <span class='ocr_line' id='line_1_94' title="bbox 1011 5138 1811 5211; baseline 0.013 -19"><span class='ocrx_word' id='word_1_996' title='bbox 1011 5154 1111 5194; x_wconf 83' lang='lat' dir='ltr'>nouare</span> <span class='ocrx_word' id='word_1_997' title='bbox 1140 5138 1220 5192; x_wconf 88' lang='lat' dir='ltr'>titani</span> <span class='ocrx_word' id='word_1_998' title='bbox 1248 5140 1483 5193; x_wconf 66' lang='lat' dir='ltr'>reponebantur:</span> <span class='ocrx_word' id='word_1_999' title='bbox 1509 5150 1565 5195; x_wconf 87' lang='lat' dir='ltr'>teni</span> <span class='ocrx_word' id='word_1_1000' title='bbox 1586 5142 1660 5211; x_wconf 78' lang='lat' dir='ltr'>traiid</span> <span class='ocrx_word' id='word_1_1001' title='bbox 1685 5146 1811 5202; x_wconf 90' lang='lat' dir='ltr'>euirrdem</span> 
     </span>
     <span class='ocr_line' id='line_1_95' title="bbox 1010 5208 1813 5274; baseline 0.012 -10"><span class='ocrx_word' id='word_1_1002' title='bbox 1010 5209 1135 5265; x_wconf 90' lang='lat' dir='ltr'>ordinere</span> <span class='ocrx_word' id='word_1_1003' title='bbox 1151 5210 1178 5264; x_wconf 91' lang='lat' dir='ltr'>in</span> <span class='ocrx_word' id='word_1_1004' title='bbox 1196 5208 1381 5264; x_wconf 81' lang='lat' dir='ltr'>nauiitiiiibus</span> <span class='ocrx_word' id='word_1_1005' title='bbox 1405 5211 1554 5266; x_wconf 72' lang='lat' dir='ltr'>etrrrdeedis</span> <span class='ocrx_word' id='word_1_1006' title='bbox 1568 5214 1753 5272; x_wconf 85' lang='lat' dir='ltr'>mathematici</span> <span class='ocrx_word' id='word_1_1007' title='bbox 1768 5234 1813 5274; x_wconf 89' lang='lat' dir='ltr'>se·</span> 
     </span>
     <span class='ocr_line' id='line_1_96' title="bbox 1010 5278 1813 5355; baseline 0.012 -19"><span class='ocrx_word' id='word_1_1008' title='bbox 1010 5290 1172 5351; x_wconf 73' lang='lat' dir='ltr'>querentur,</span> <span class='ocrx_word' id='word_1_1009' title='bbox 1195 5292 1222 5334; x_wconf 93' lang='lat' dir='ltr'>et</span> <span class='ocrx_word' id='word_1_1010' title='bbox 1243 5278 1373 5347; x_wconf 66' lang='lat' dir='ltr'>colligere</span> <span class='ocrx_word' id='word_1_1011' title='bbox 1396 5283 1460 5337; x_wconf 89' lang='lat' dir='ltr'>lieet</span> <span class='ocrx_word' id='word_1_1012' title='bbox 1479 5298 1514 5338; x_wconf 83' lang='lat' dir='ltr'>ex</span> <span class='ocrx_word' id='word_1_1013' title='bbox 1535 5282 1688 5355; x_wconf 74' lang='lat' dir='ltr'>Argustine</span> <span class='ocrx_word' id='word_1_1014' title='bbox 1711 5289 1813 5346; x_wconf 79' lang='lat' dir='ltr'>ireres.</span> 
     </span>
     <span class='ocr_line' id='line_1_97' title="bbox 1012 5350 1811 5426; baseline 0.009 -19"><span class='ocrx_word' id='word_1_1015' title='bbox 1012 5368 1075 5414; x_wconf 82' lang='lat' dir='ltr'>sas,</span> <span class='ocrx_word' id='word_1_1016' title='bbox 1091 5370 1152 5421; x_wconf 74' lang='lat' dir='ltr'>qnae</span> <span class='ocrx_word' id='word_1_1017' title='bbox 1171 5363 1211 5407; x_wconf 89' lang='lat' dir='ltr'>est</span> <span class='ocrx_word' id='word_1_1018' title='bbox 1233 5350 1525 5409; x_wconf 87' lang='lat' dir='ltr'>Priscilliaiiistarum:</span> <span class='ocrx_word' id='word_1_1019' title='bbox 1545 5352 1713 5413; x_wconf 77' lang='lat' dir='ltr'>Censetuunt</span> <span class='ocrx_word' id='word_1_1020' title='bbox 1734 5362 1811 5426; x_wconf 88' lang='lat' dir='ltr'>eninr,</span> 
     </span>
     <span class='ocr_line' id='line_1_98' title="bbox 1012 5422 1813 5494; baseline 0.012 -18"><span class='ocrx_word' id='word_1_1021' title='bbox 1012 5423 1109 5494; x_wconf 79' lang='lat' dir='ltr'>inquit,</span> <span class='ocrx_word' id='word_1_1022' title='bbox 1125 5440 1184 5492; x_wconf 86' lang='lat' dir='ltr'>pag.</span> <span class='ocrx_word' id='word_1_1023' title='bbox 1200 5422 1246 5481; x_wconf 70' lang='lat'>22.</span> <span class='ocrx_word' id='word_1_1024' title='bbox 1260 5432 1325 5478; x_wconf 86' lang='lat' dir='ltr'>titiii.</span> <span class='ocrx_word' id='word_1_1025' title='bbox 1345 5440 1401 5488; x_wconf 83' lang='lat' dir='ltr'>itit,</span> <span class='ocrx_word' id='word_1_1026' title='bbox 1418 5426 1444 5479; x_wconf 85' lang='lat' dir='ltr'>iia</span> <span class='ocrx_word' id='word_1_1027' title='bbox 1458 5427 1541 5493; x_wconf 85' lang='lat' dir='ltr'>eripite</span> <span class='ocrx_word' id='word_1_1028' title='bbox 1552 5427 1675 5493; x_wconf 80' lang='lat' dir='ltr'>Arietem,</span> <span class='ocrx_word' id='word_1_1029' title='bbox 1696 5430 1813 5489; x_wconf 82' lang='lat' dir='ltr'>Teanum</span> 
     </span>
     <span class='ocr_line' id='line_1_99' title="bbox 1010 5493 1812 5571; baseline 0.011 -24"><span class='ocrx_word' id='word_1_1030' title='bbox 1010 5493 1158 5558; x_wconf 76' lang='lat' dir='ltr'>inseruire,</span> <span class='ocrx_word' id='word_1_1031' title='bbox 1173 5493 1293 5549; x_wconf 83' lang='lat' dir='ltr'>Gerrriraes</span> <span class='ocrx_word' id='word_1_1032' title='bbox 1307 5498 1335 5548; x_wconf 89' lang='lat' dir='ltr'>in</span> <span class='ocrx_word' id='word_1_1033' title='bbox 1354 5496 1478 5563; x_wconf 83' lang='lat' dir='ltr'>lienteria,</span> <span class='ocrx_word' id='word_1_1034' title='bbox 1504 5498 1633 5552; x_wconf 79' lang='lat' dir='ltr'>Cunerum</span> <span class='ocrx_word' id='word_1_1035' title='bbox 1652 5502 1679 5554; x_wconf 90' lang='lat' dir='ltr'>iii</span> <span class='ocrx_word' id='word_1_1036' title='bbox 1698 5512 1812 5571; x_wconf 81' lang='lat' dir='ltr'>pectem,</span> 
     </span>
     <span class='ocr_line' id='line_1_100' title="bbox 1011 5565 1812 5637; baseline 0.006 -15"><span class='ocrx_word' id='word_1_1037' title='bbox 1011 5578 1034 5622; x_wconf 87' lang='lat' dir='ltr'>et</span> <span class='ocrx_word' id='word_1_1038' title='bbox 1060 5580 1152 5622; x_wconf 81' lang='lat' dir='ltr'>cetera</span> <span class='ocrx_word' id='word_1_1039' title='bbox 1175 5565 1328 5623; x_wconf 86' lang='lat' dir='ltr'>noritinittim</span> <span class='ocrx_word' id='word_1_1040' title='bbox 1349 5568 1423 5635; x_wconf 78' lang='lat' dir='ltr'>tigne</span> <span class='ocrx_word' id='word_1_1041' title='bbox 1447 5582 1632 5635; x_wconf 80' lang='lat' dir='ltr'>percurrentes,</span> <span class='ocrx_word' id='word_1_1042' title='bbox 1649 5573 1685 5624; x_wconf 88' lang='lat' dir='ltr'>ed</span> <span class='ocrx_word' id='word_1_1043' title='bbox 1708 5573 1812 5637; x_wconf 84' lang='lat' dir='ltr'>piantur</span> 
     </span>
     <span class='ocr_line' id='line_1_101' title="bbox 1013 5638 1811 5711; baseline 0.004 -18"><span class='ocrx_word' id='word_1_1044' title='bbox 1013 5656 1093 5709; x_wconf 76' lang='lat' dir='ltr'>utque</span> <span class='ocrx_word' id='word_1_1045' title='bbox 1116 5640 1275 5711; x_wconf 71' lang='lat' dir='ltr'>peruenerit,</span> <span class='ocrx_word' id='word_1_1046' title='bbox 1299 5655 1364 5708; x_wconf 78' lang='lat' dir='ltr'>qm</span> <span class='ocrx_word' id='word_1_1047' title='bbox 1386 5638 1504 5696; x_wconf 74' lang='lat' dir='ltr'>Piscibus</span> <span class='ocrx_word' id='word_1_1048' title='bbox 1518 5640 1642 5706; x_wconf 75' lang='lat' dir='ltr'>imbuerit,</span> <span class='ocrx_word' id='word_1_1049' title='bbox 1662 5644 1731 5711; x_wconf 70' lang='lat' dir='ltr'>erice</span> <span class='ocrx_word' id='word_1_1050' title='bbox 1749 5643 1811 5696; x_wconf 87' lang='lat' dir='ltr'>triti-</span> 
     </span>
     <span class='ocr_line' id='line_1_102' title="bbox 1013 5710 1586 5782; baseline -0.003 -16"><span class='ocrx_word' id='word_1_1051' title='bbox 1013 5727 1083 5766; x_wconf 80' lang='lat' dir='ltr'>nterrr</span> <span class='ocrx_word' id='word_1_1052' title='bbox 1096 5717 1199 5782; x_wconf 82' lang='lat' dir='ltr'>signum</span> <span class='ocrx_word' id='word_1_1053' title='bbox 1211 5710 1243 5764; x_wconf 90' lang='lat' dir='ltr'>uh</span> <span class='ocrx_word' id='word_1_1054' title='bbox 1258 5711 1397 5780; x_wconf 79' lang='lat' dir='ltr'>rtitroiogii</span> <span class='ocrx_word' id='word_1_1055' title='bbox 1412 5720 1586 5781; x_wconf 81' lang='lat' dir='ltr'>nuerepntair.</span> 
     </span>
    </p>

    <p class='ocr_par' dir='ltr' id='par_1_20' title="bbox 1049 5779 1812 5854">
     <span class='ocr_line' id='line_1_103' title="bbox 1049 5779 1812 5854; baseline 0.004 -16"><span class='ocrx_word' id='word_1_1056' title='bbox 1049 5783 1088 5854; x_wconf 78' lang='lat'>(8)</span> <span class='ocrx_word' id='word_1_1057' title='bbox 1106 5782 1144 5839; x_wconf 81' lang='lat' dir='ltr'>lie</span> <span class='ocrx_word' id='word_1_1058' title='bbox 1155 5784 1226 5839; x_wconf 85' lang='lat' dir='ltr'>laete</span> <span class='ocrx_word' id='word_1_1059' title='bbox 1240 5781 1383 5851; x_wconf 74' lang='lat' dir='ltr'>herene</span> <span class='ocrx_word' id='word_1_1060' title='bbox 1403 5781 1514 5851; x_wconf 85' lang='lat' dir='ltr'>tradite,</span> <span class='ocrx_word' id='word_1_1061' title='bbox 1526 5781 1573 5852; x_wconf 77' lang='lat' dir='ltr'>piri</span> <span class='ocrx_word' id='word_1_1062' title='bbox 1585 5779 1654 5834; x_wconf 88' lang='lat' dir='ltr'>ritus</span> <span class='ocrx_word' id='word_1_1063' title='bbox 1668 5779 1728 5837; x_wconf 87' lang='lat' dir='ltr'>licie</span> <span class='ocrx_word' id='word_1_1064' title='bbox 1741 5782 1812 5841; x_wconf 89' lang='lat' dir='ltr'>indi·</span> 
     </span>
    </p>
   </div>
   <div class='ocr_carea' id='block_1_15' title="bbox 0 0 2076 6168">
    <p class='ocr_par' dir='ltr' id='par_1_21' title="bbox 0 0 2076 6168">
     <span class='ocr_line' id='line_1_104' title="bbox 0 0 2076 6168; baseline 0 0"><span class='ocrx_word' id='word_1_1065' title='bbox 0 0 2076 6168; x_wconf 95' lang='lat' dir='ltr'> </span> 
     </span>
    </p>
   </div>
  </div>
 </body>
</html>
