4142 6175
179 209 218 263 ts
552 220 936 296 disseminatorum.
958 231 1036 290 aad.
1059 233 1184 294 TRACT.
1207 240 1250 296 Et
1270 242 1409 303 AEtntts.
1800 270 1834 327 'td

179 319 314 389 Finnini,
330 333 396 395 etc,
416 328 461 384 ubi
481 346 546 388 xrru
564 336 752 408 episcoporum
768 339 889 409 ejusdem
905 343 980 400 urbis
991 356 1020 419 m
1034 345 1060 400 in
1075 350 1256 408 recentiorum
1273 370 1339 412 uero
1358 361 1507 424 sententia.
1526 373 1555 419 nt
1575 366 1648 424 cho
1662 371 1694 426 ad
1719 374 1834 434 Gallieni

178 415 291 471 nomina
307 430 497 489 reeettsentur;
513 439 564 482 nec
582 443 637 483 non
651 430 725 487 aliud
738 447 772 488 cx
785 433 885 490 blissali
905 436 979 494 bioz-
1032 447 1141 497 atatem
1162 445 1309 517 pertingat,
1324 449 1368 505 hic
1386 464 1449 509 ante
1463 453 1494 513 S.
1508 455 1652 517 Proculum
1674 471 1834 527 statuendus

177 507 305 563 zarabieo
317 510 463 568 cardinalis
474 514 611 586 Ximenii,
629 521 655 575 in
671 539 725 594 quo
741 523 819 597 longa
835 527 981 585 Toletano-

177 616 240 658 rutn
253 605 403 663 antistitum
414 609 502 682 series
513 610 677 672 describitur
687 618 756 688 apud
773 621 898 678 eumdem
911 622 980 678 blar-

178 704 254 764 tene,
268 708 320 755 art.
333 701 376 767 l2,
393 717 453 774 pag.
470 704 635 780 idhlleqne
648 709 832 771 difficultatem
847 714 942 787 iaciat,
958 716 981 772 si

178 806 233 845 non
250 792 276 848 in
290 795 415 850 urnuibus
428 796 574 856 blissalium
590 804 763 874 antiquorum
776 805 930 867 Caunuihus
945 815 979 871 ad

178 882 309 940 bertramo
326 889 447 945 omnium
465 891 596 965 cujusque
615 897 737 956 ecclesiae
759 902 910 960 antistitum
930 922 979 962 no·

176 977 250 1033 urina
261 979 450 1039 describantur
462 1003 468 1039 ι
484 1002 546 1042 oum
558 988 621 1046 alibi
636 990 795 1065 plerumque
804 996 919 1054 aductus
931 999 978 1058 ln.

175 1082 200 1126 et
212 1071 261 1125 ttt.
278 1086 403 1130 nnmeme
419 1078 551 1148 insertas,
567 1098 616 1151 pro
630 1083 729 1156 quibus
754 1104 825 1145 nune
848 1089 886 1147 Ν.
901 1103 925 1147 et
940 1093 978 1151 N.

174 1166 320 1223 salicetum
333 1178 394 1236 cst,
410 1187 444 1228 ex
456 1173 590 1247 diptychis
604 1176 686 1248 ipsis,
698 1180 740 1235 rel
755 1180 810 1237 alio
822 1183 903 1239 simili
918 1202 977 1242 nto·

173 1268 309 1316 numento
322 1263 530 1321 nominabantur
545 1267 604 1338 ejus
617 1269 668 1326 loci
690 1286 786 1329 onmes
802 1276 921 1343 propriu
935 1293 978 1334 se-

173 1351 218 1406 dis
240 1351 378 1425 episcopi,
402 1357 473 1412 uude
492 1359 519 1412 in
541 1376 592 1415 ms.
616 1361 773 1420 colbertino
793 1364 893 1434 2585,
907 1369 977 1439 apud

173 1446 302 1502 eumdem
321 1447 442 1506 llarteue
462 1461 523 1523 post
543 1452 601 1510 haec
623 1456 723 1525 rerba,
748 1456 877 1516 henrodo
901 1464 978 1517 etium

173 1538 290 1594 Dmnine
303 1543 461 1613 [amulorum
473 1546 680 1620 {munieruntque
700 1561 806 1606 tuorum
819 1553 866 1608 lli.
883 1565 908 1610 et
928 1555 975 1612 Ill.

1032 539 1090 600 est,
1112 549 1172 591 eunt
1187 537 1310 595 Gallieno
1325 545 1459 612 posterior
1473 546 1500 604 S.
1518 549 1627 609 Proculi
1643 567 1710 614 actas
1722 561 1832 621 aliunde

1030 634 1176 693 statuatur,
1206 641 1235 686 ut
1254 648 1316 689 moa
1341 635 1501 695 ridebimus.
1527 642 1613 701 Porro
1632 648 1660 703 S.
1688 651 1831 712 Proculum

1031 730 1094 777 aute
1109 723 1244 781 Zenonem
1259 742 1367 799 semper
1385 736 1505 803 agnitum
1530 738 1650 807 pluribus
1670 745 1732 801 aliis
1751 747 1831 821 hujus

1031 816 1154 871 ecelesiae
1164 822 1348 878 monumentis
1359 824 1459 895 liquet:
1475 829 1575 902 qnippe
1589 831 1617 891 S.
1629 835 1758 897 Proculus
1768 855 1830 899 ante
1922 880 1926 886 -

1032 907 1060 964 S.
1070 908 1206 966 Zenonem
1216 925 1381 972 memoratur
1389 916 1496 995 [txrtn]
1507 935 1662 985 constanter
1670 930 1695 985 in
1704 935 1830 992 omnibus

1030 1003 1148 1073 antiquis
1163 1006 1306 1063 tttissarutu
1321 1009 1485 1081 (latronibus,
1502 1021 1681 1092 orationihus,
1696 1029 1829 1099 epigram-

1030 1095 1110 1150 matis
1122 1111 1154 1152 ac
1167 1097 1278 1156 litaniis.
1306 1102 1343 1158 lta
1358 1121 1402 1159 cs.
1421 1121 1462 1176 gr.
1483 1107 1510 1162 itt
1530 1111 1638 1170 Conone
1653 1129 1767 1186 quatuor
1780 1139 1826 1178 rc·

1030 1195 1161 1241 tustorutu
1172 1189 1295 1247 codicum
1309 1202 1408 1249 nostra
1422 1196 1587 1259 Veronensis
1601 1208 1723 1263 ecclesius
1739 1229 1745 1266 :
1761 1212 1828 1270 l’ro·

1028 1278 1081 1331 culi
1095 1289 1118 1333 et
1128 1279 1258 1348 Zearouir5
1272 1285 1297 1338 itt
1312 1285 1412 1342 litaniis
1426 1299 1515 1346 autern
1529 1295 1642 1354 alterius
1657 1319 1707 1355 tos.
1722 1308 1827 1377 capitu·

1029 1368 1095 1426 luris
1119 1372 1241 1442 ejusdcm
1269 1377 1392 1435 ecclesiae
1408 1398 1415 1433 ε
1430 1382 1461 1437 8.
1491 1383 1613 1456 Procula,
1631 1391 1662 1447 8.
1687 1393 1768 1460 Zeno,
1794 1398 1825 1455 S.

1028 1460 1173 1528 Theodora,
1197 1474 1250 1519 ete.
1272 1467 1373 1525 Eodem
1396 1473 1492 1529 ordine
1510 1476 1593 1534 iidem
1617 1485 1702 1540 sancti
1722 1486 1827 1546 descri-
1920 1548 1929 1561 ,

1028 1554 1128 1611 huntur
1138 1557 1164 1612 iu
1180 1559 1339 1628 quibusdam
1352 1566 1529 1635 orationibus,
1540 1587 1608 1641 quas
1622 1573 1664 1630 hie
1675 1587 1828 1648 postremus

173 1632 302 1701 minum,
314 1637 494 1708 episcoporum
504 1642 637 1707 presentis
652 1644 774 1701 ecclesiae.
791 1643 829 1701 Ex
843 1647 976 1718 ejusmodi
1027 1651 1273 1723 eapittrlariscodert
1284 1657 1405 1724 exhibet,
1421 1676 1470 1716 uec
1485 1679 1537 1718 nou
1550 1666 1576 1721 iu
1590 1667 1712 1727 Rotnano
1724 1673 1826 1734 Ordine
1921 1719 1933 1738 .

174 1724 366 1799 diptychorum
380 1729 475 1786 ordine
493 1733 651 1806 Anonymus
665 1736 819 1807 Pipinianus
831 1742 975 1811 genuinam
992 1746 1120 1810 Bsaeculi
1145 1747 1220 1809 nuni.
1246 1765 1325 1819 quem
1349 1768 1382 1808 etr
1404 1754 1458 1809 alio
1471 1771 1523 1813 ms.
1537 1760 1646 1829 capiuli
1661 1762 1828 1827 Veronensis

175 1821 298 1892 priorum
316 1822 512 1881 bononensium
537 1829 687 1887 antistitum
710 1833 808 1889 seriem
831 1836 932 1892 rescire
951 1847 979 1893 ct
1028 1836 1189 1896 Franciscus
1214 1840 1388 1900 blanchinius
1411 1847 1497 1904 edidit
1517 1851 1544 1905 in
1568 1853 1768 1928 Prolegomenis
1792 1866 1827 1921 ad

174 1915 297 1973 scribere
323 1918 429 1988 potuit,
451 1921 522 1976 sicut
546 1921 617 1977 illam
641 1922 821 1996 descripsisse
841 1928 978 1985 credimus
1029 1931 1212 2000 Anastasium,
1227 1944 1292 1989 turn.
1307 1952 1346 2004 m,
1364 1941 1824 2030 pag.51,actandemininscrip·

173 2007 353 2080 Rampertum
368 2012 524 2084 episcopum
539 2014 711 2078 Brixianam.
727 2020 772 2091 qui
787 2023 905 2093 sequiori
919 2040 978 2080 aero
1029 2022 1102 2078 tione
1124 2023 1245 2092 ejusdem
1268 2031 1356 2084 oe¹²¹l⁸
1383 2031 1409 2085 5¹¹
1428 2032 1457 2087 S·
1481 2033 1590 2094 ”0¹⁶⁰ae
1614 2044 1714 2113 ῑθῐΰΡῙθ
1738 2049 1828 2108 ²¹th

173 2103 202 2160 in
224 2119 352 2161 sermone
366 2105 400 2163 de
421 2107 611 2167 Translatiune
623 2109 653 2167 8.
676 2111 812 2169 Pltilastrii
827 2114 976 2188 longiorem
1027 2112 1173 2185 existente,
1189 2132 1269 2189 quatu
1283 2121 1354 2189 apud
1370 2121 1520 2192 Ugltellium
1537 2128 1626 2200 legere
1652 2138 1766 2209 quisque
1779 2159 1827 2213 po.

172 2198 263 2255 multo
275 2199 462 2270 episcoporum
480 2201 667 2260 Brixianorum
682 2205 826 2273 ordinem,
840 2217 869 2263 et
889 2207 977 2281 dipty-
1028 2208 1092 2264 terit
1107 2213 1284 2283 tentoquinto
1293 2231 1354 2287 pag.
1372 2217 1433 2274 tut.
1448 2221 1520 2277 idem
1533 2226 1601 2282 ordo
1614 2228 1827 2301 deprehenditur

172 2287 234 2345 chis
252 2292 345 2363 utique
358 2293 515 2365 cognitum,
532 2296 761 2353 sclisnominibus
780 2298 908 2370 prodidit.
931 2300 977 2356 ilar
1027 2301 1109 2356 ctiam
1125 2303 1150 2357 itt
1166 2306 1284 2375 antiquis
1298 2306 1398 2363 litaniis
1415 2327 1431 2366 e
1446 2329 1496 2369 ms.
1526 2315 1689 2380 Floriaceusi
1706 2343 1827 2401 nongen-

172 2383 258 2453 ygmm.
271 2385 404 2455 mmmmm
418 2403 525 2459 d¹¹⁰h¹¹⁰
539 2397 776 2448 monumentorum
792 2393 895 2463 series,
916 2410 977 2466 qum
1028 2401 1116 2449 torum
1130 2399 1351 2455 annorumeditis
1364 2416 1378 2454 a
1391 2401 1421 2455 P.
1440 2403 1560 2464 Matiene
1573 2422 1642 2481 part.
1658 2415 1719 2471 ado
1733 2422 1823 2494 Antiq.

172 2491 209 2531 ex
224 2477 280 2532 ritu
292 2487 346 2534 tant
359 2479 470 2552 antiquo
483 2495 515 2536 ac
535 2481 651 2551 simplici
674 2482 898 2553 proficiscuntur,
923 2489 976 2544 no'tt
1027 2484 1157 2541 Eoeltsloe
1174 2487 1289 2557 bilibus,
1303 2490 1351 2554 lib·
1367 2497 1533 2566 to,eap.15‚
1549 2516 1609 2573 pag.
1622 2503 1685 2560 592·
1697 2508 1725 2564 Μ
1736 2522 1825 2569 autern

171 2571 215 2627 nti
231 2571 259 2627 in
273 2573 432 2641 posterioris
446 2573 498 2629 aeri
511 2575 642 2647 catalogis
654 2578 788 2645 inventa,
801 2578 849 2635 sed
865 2580 977 2651 perinde
1026 2590 1076 2631 cut·
1097 2576 1194 2632 laetum
1218 2580 1307 2644 luerit,
1327 2583 1400 2638 nulla
1413 2587 1464 2640 alia
1481 2603 1624 2648 occurrere
1639 2609 1728 2666 potest
1744 2606 1823 2671 ratio,

171 2679 207 2720 ae
217 2665 240 2719 si
255 2680 289 2721 ex
303 2665 370 2733 ipsis
381 2665 501 2737 antiquis
515 2665 650 2740 diptychis
663 2680 754 2726 essent
775 2681 909 2740 sumptae,
931 2687 978 2728 re-
1026 2668 1079 2724 uisi
1090 2669 1162 2739 quod
1176 2669 1205 2726 8.
1217 2670 1347 2728 Proculus
1362 2682 1440 2730 anate
1454 2684 1625 2746 precesserit
1636 2687 1664 2743 S.
1677 2689 1825 2763 Zenottem,

172 2771 236 2812 rum
249 2757 421 2828 antiquorum
434 2773 541 2829 quoque
559 2760 747 2831 episcoporum
767 2762 977 2821 sibisnccnnen.
1026 2758 1072 2830 qui
1085 2766 1243 2832 ceteroqui,
1267 2777 1327 2818 curn
1343 2763 1507 2825 Veronensis
1518 2773 1635 2832 ciuitatis
1658 2780 1693 2835 sit
1710 2798 1825 2857 maguus

173 2849 241 2902 dnm
255 2848 378 2905 ordinem
393 2849 534 2907 continere
547 2850 689 2908 credendae
699 2862 771 2920 sont,
785 2868 817 2909 ac
828 2869 864 2911 ex
879 2854 976 2912 iisdem
1027 2860 1166 2920 patronus,
1193 2861 1222 2909 θῑ
1244 2854 1370 2911 ”bilem
1392 2856 1418 2911 ¹¹¹
1435 2857 1555 2918 &desii
1580 2868 1665 2923 ffl⁰¹¹0
1680 2872 1823 2948 θθῑθὺῐὶθΐ»

171 2941 269 3012 plures
289 2956 399 2997 errores
421 2941 522 3013 corrigi
545 2943 680 3000 tutissime
705 2954 838 3014 possunt,
861 2956 891 3003 ut
912 2961 975 3003 ror·
1026 2955 1057 3001 ut
1078 2945 1186 3002 dissert.
1211 2948 1230 3003 5
1249 2948 1435 3016 ostendemus,
1448 2953 1471 3008 si
1497 2971 1551 3011 non
1566 2959 1725 3032 impedisset
1738 2980 1824 3039 aetas,

170 3035 280 3092 rexisse
290 3033 399 3106 quidem
411 3035 488 3092 nohis
502 3034 626 3092 ridemur
640 3038 819 3096 recentiorem
834 3038 976 3097 Ravenna·
1027 3038 1160 3095 nominari
1175 3042 1262 3111 primo
1275 3041 1335 3097 loco
1345 3042 1493 3102 debuisset.
1508 3048 1547 3105 Ex
1562 3050 1603 3107 bis
1618 3055 1761 3117 tuissarum
1777 3065 1827 3121 Cu-

170 3136 232 3183 tmn
253 3127 443 3198 episcoporum
463 3128 602 3194 ordinem,
629 3136 694 3185 tom.
713 3146 739 3185 tv
758 3130 876 3201 Operum
898 3127 1143 3191 caracteribus
1165 3142 1192 3187 ct
1214 3132 1312 3187 litaniis
1332 3134 1482 3205 fragmenta
1498 3140 1551 3197 huc
1566 3146 1727 3212 pertinentia
1749 3152 1826 3211 dabi-

170 3219 291 3286 Norisii‚
307 3234 367 3291 pag.
381 3218 451 3286 stu,
473 3219 580 3290 aliaque
601 3221 704 3291 jamdiu
723 3225 927 3281 emendarimus
946 3225 972 3280 itt

170 3312 234 3368 aliis
248 3311 366 3367 aliorum
378 3312 567 3384 episcoporum
580 3314 720 3370 ordinibus
731 3315 758 3370 in
772 3331 856 3385 opere
870 3317 902 3372 de
914 3316 975 3372 Ori·

169 3405 276 3477 pinibus
288 3406 461 3475 antiquiorum
471 3404 485 3459 1
489 3404 560 3460 totio
568 3407 731 3461 ecclesiarum
742 3426 773 3463 oc
785 3407 972 3481 Metropoleon,

170 3497 245 3568 quod
269 3496 368 3552 multos
390 3506 453 3554 ante
474 3512 561 3554 attnns
585 3498 775 3567 lucubratum,
800 3515 861 3555 eum
883 3500 975 3555 licebit

170 3588 324 3659 perlicere,
337 3587 435 3659 publici
446 3586 516 3660 juris
528 3588 782 3663 iaciemus,ibique
795 3592 829 3647 dc
842 3591 974 3663 ejusmodi

169 3680 357 3751 cautogoront
370 3694 403 3736 ac
415 3679 603 3752 diptychorum
619 3682 779 3739 auctoritate
793 3694 821 3739 et
834 3698 882 3738 usu
898 3683 973 3752 plura

170 3778 235 3832 lose
248 3776 381 3845 disputata
403 3773 533 3831 invenies.
550 3773 642 3847 Neque
656 3790 720 3831 reru
730 3776 753 3830 si
766 3791 827 3847 quae
849 3774 914 3830 lalsa
928 3790 974 3846 po·

170 3866 334 3924 steriuribtts
347 3865 477 3938 catalogis
488 3867 589 3922 inserta
606 3876 685 3935 sunt,
706 3866 883 3938 objiciantur,
899 3875 929 3921 ut
941 3880 973 3921 ex

170 3962 208 4016 iis
228 3958 333 4015 ordinis
350 3959 431 4015 etiarn
451 3958 639 4030 episcoporum
661 3958 728 4013 fides
747 3958 889 4025 elevetur,
912 3972 972 4013 unm

170 4054 231 4111 sola
244 4054 434 4124 episcoporum
445 4053 555 4108 nomina
566 4053 593 4107 in
608 4052 730 4108 ordinent
746 4052 891 4109 distributa
903 4052 973 4108 sumi

172 4156 321 4219 potueruut
333 4162 366 4202 et
387 4147 522 4218 diptychis
541 4147 568 4202 itt
579 4146 678 4218 quihus
687 4146 755 4203 nihil
767 4158 866 4218 praeter
878 4161 972 4204 eorum

171 4239 285 4295 numina
301 4238 475 4311 legebantur,
489 4249 518 4293 ut
533 4238 647 4308 proinde
661 4238 719 4295 hae
739 4239 824 4295 series
839 4240 973 4296 satistuto

170 4340 202 4389 et
223 4345 288 4385 tera
308 4328 431 4385 habenda
452 4330 506 4396 sit3
525 4331 559 4386 ad
582 4330 709 4387 historica
729 4339 821 4386 autem
846 4332 914 4389 lacta
930 4332 973 4388 rel

170 4426 317 4484 eltroniets
330 4426 411 4482 etiam
423 4432 502 4481 notris
513 4425 584 4497 quttd
600 4425 727 4497 pertinet,
740 4440 801 4482 cum
817 4427 875 4483 lnce
887 4427 974 4483 aliun-

1027 3237 1088 3279 tuus
1098 3223 1192 3278 eadem
1205 3222 1315 3280 dissert.
1331 3225 1359 3291 ὅ,
1371 3242 1431 3297 cap.
1444 3229 1472 3295 b,
1485 3230 1531 3286 ubi
1541 3233 1574 3288 ad
1592 3237 1693 3294 eultttrn
1709 3242 1825 3303 Zennnis

1027 3316 1222 3371 ostendendum
1237 3320 1415 3387 opportunior
1435 3321 1485 3377 erit
1502 3323 1587 3380 loeus.
1607 3327 1664 3386 lloc
1678 3346 1768 3392 autem
1782 3356 1826 3395 ar·

1026 3416 1196 3478 gumentutn,
1211 3407 1281 3478 qnod
1307 3424 1343 3465 ex
1365 3411 1473 3482 antiqua
1498 3416 1607 3484 quidem
1633 3424 1777 3485 traditione
1799 3445 1827 3489 et

1027 3516 1092 3557 reru
1105 3501 1201 3555 ordine
1220 3500 1350 3571 originem
1373 3502 1457 3569 ducit,
1480 3505 1617 3581 Anonymi
1632 3530 1738 3588 quoqne
1754 3522 1826 3594 prm.

1026 3592 1099 3647 niani
1124 3593 1223 3647 seriem
1247 3593 1390 3663 genuinam
1410 3597 1552 3653 cunhnnat
1573 3604 1703 3676 mirihee,
1725 3621 1753 3668 ot
1777 3632 1825 3673 eus

1026 3691 1127 3751 aperta
1141 3683 1267 3737 novitatis
1281 3692 1309 3738 et
1328 3685 1430 3741 erroris
1451 3691 1584 3762 coarguit,
1600 3696 1655 3765 qui,
1668 3704 1753 3758 reteri
1774 3705 1825 3765 1100

1027 3775 1122 3831 ordine
1143 3775 1273 3832 derelicto
1306 3777 1347 3832 rel
1373 3790 1539 3853 contempto,
1559 3800 1657 3845 nurum
1682 3794 1763 3852 alium
1790 3803 1825 3857 ad

1025 3867 1181 3939 prejudicio
1194 3869 1291 3923 tuenda
1307 3870 1490 3929 invehendum
1506 3885 1643 3947 putarunt.
1750 3936 1758 3957 ,

1063 3960 1148 4017 Porro
1161 3971 1190 4016 ut
1202 3962 1236 4017 ad
1251 3961 1366 4020 hettonis
1381 3975 1487 4023 atatem
1499 3984 1532 4025 ott
1547 3971 1598 4028 hac
1608 3972 1740 4052 Anonymi
1755 3988 1826 4044 serie

1026 4054 1196 4110 statuendam
1220 4057 1369 4124 veniamus,
1390 4058 1419 4114 S.
1442 4059 1572 4120 Proculus
1593 4066 1693 4127 ibidem
1713 4091 1825 4145 quartus

1025 4157 1077 4213 est,
1092 4159 1185 4206 sextus
1199 4160 1288 4207 auteur
1311 4151 1340 4208 8.
1357 4151 1494 4222 Lucillus,
1514 4172 1628 4228 quorum
1649 4176 1824 4244 utrorumque

1026 4251 1133 4296 aetatem
1148 4258 1181 4298 ex
1203 4243 1264 4298 aliis
1286 4247 1468 4302 monumentis
1490 4252 1657 4321 exploratam
1683 4261 1823 4323 babemus.

1026 4333 1055 4390 S.
1070 4334 1201 4393 Proculus
1214 4349 1310 4408 quarto
1323 4341 1423 4396 saeculo
1437 4340 1547 4400 ineunte
1560 4347 1586 4400 in
1600 4348 1668 4404 ritis
1680 4366 1747 4421 erat,
1761 4375 1822 4416 curn

1026 4425 1188 4482 Maximiano
1203 4428 1353 4498 imperante
1368 4430 1501 4487 Veronam
1520 4434 1592 4491 ducti
1609 4437 1685 4500 luere
1699 4444 1748 4504 SS.
1764 4450 1786 4505 F
1788 4454 1824 4508 ir.

171 4519 208 4576 de
232 4518 303 4574 smni
324 4517 486 4583 debuerint,
510 4534 558 4588 pro
579 4525 816 4573 monumentorum
834 4534 850 4573 e
874 4519 972 4588 quihus
984 4524 1012 4585 Ι)
1025 4534 1086 4574 tttus
1100 4530 1126 4575 et
1136 4519 1274 4586 Rusticus,
1289 4522 1334 4592 qui
1347 4521 1462 4578 subinde
1475 4530 1603 4599 martyrio
1616 4540 1738 4594 coronati
1748 4554 1821 4611 sunt,

171 4624 207 4665 ea
226 4609 311 4679 petitu
331 4607 458 4674 luerunt,
487 4606 592 4665 ratione
614 4608 657 4664 rel
681 4623 763 4675 tera,
783 4610 825 4664 vel
850 4608 971 4664 tabotosa
1026 4620 1055 4666 ut
1069 4612 1156 4680 palam
1172 4612 1201 4665 stt
1218 4627 1252 4666 ex
1264 4610 1381 4683 antiquis
1400 4612 1521 4682 ipsorum
1540 4620 1608 4675 actis
1629 4638 1645 4678 a
1666 4632 1824 4713 marchione

170 4703 364 4774 cpiscoporum
383 4701 471 4757 ordini
488 4708 632 4772 potnerunt
647 4703 789 4772 ittterseri,
805 4714 832 4759 et
846 4719 918 4775 smpc
938 4717 972 4759 er
1025 4702 1130 4759 bledein
1140 4704 1255 4760 editisin
1266 4704 1341 4760 ealce
1351 4705 1529 4775 diplomatica
1544 4711 1672 4786 historiae,
1686 4737 1746 4793 pag,
1759 4726 1821 4785 505,

171 4793 302 4867 opinione
314 4793 384 4864 rulgi
399 4792 496 4850 initulis
510 4794 605 4850 leuiter
619 4795 779 4851 adsentienti
794 4796 896 4852 intrusa
910 4803 974 4850 sunt
1025 4794 1055 4851 ln
1071 4797 1207 4852 nonnullis
1221 4797 1330 4868 quidem
1350 4808 1473 4854 actorum
1500 4816 1565 4858 mss.
1590 4822 1640 4876 pro
1661 4810 1823 4878 blaritrtiano

172 4887 321 4951 nonnulla,
348 4902 408 4957 quac
419 4888 453 4941 ab
463 4886 575 4945 eruditis
586 4886 730 4944 ialsissiuta
740 4889 970 4945 demonstrantur.
1026 4888 1185 4944 blaxituiuus
1209 4891 1314 4961 legitur,
1335 4889 1368 4945 ad
1382 4890 1458 4961 eujus
1474 4894 1587 4963 proinde
1602 4898 1744 4971 imperium
1758 4909 1825 4969 Pru-

171 4980 252 5049 Quod
267 4979 398 5035 monitum
413 4980 547 5052 precipue
560 4982 703 5049 volumus,
720 4998 754 5038 ne
768 4984 829 5055 quis
847 4982 973 5039 omnibns
1026 4984 1079 5041 culi
1091 4995 1198 5041 aetatem
1210 4986 1376 5042 evertendam
1390 4987 1498 5058 quidam
1511 4993 1612 5060 opinati
1626 5011 1686 5054 sunt
1700 5020 1707 5056 ι
1723 5014 1750 5059 at
1761 5022 1821 5065 curn

172 5080 275 5143 pra-ter
287 5072 475 5145 episcoporum
494 5072 615 5130 ordinent
629 5074 764 5147 Anonymi
785 5074 918 5147 Pipiniani
932 5075 973 5130 di·
1023 5094 1056 5136 et
1081 5077 1149 5134 actis
1164 5087 1253 5149 pateat
1274 5077 1464 5148 imperatorem
1487 5081 1515 5136 id
1536 5082 1666 5156 temporis
1679 5092 1821 5157 blcdiolani

171 5167 227 5221 ctis
241 5164 321 5222 hdent
332 5167 590 5224 accommodandam
606 5168 742 5224 existimet
753 5184 762 5233 ;
775 5183 836 5224 cum
860 5183 891 5223 cu
912 5183 972 5239 qum
1023 5169 1118 5235 luisse,
1129 5169 1290 5225 Maximinus
1301 5181 1390 5226 autem
1406 5187 1437 5227 ea
1451 5171 1478 5227 in
1494 5175 1561 5230 urbe
1580 5195 1716 5252 npnquam
1728 5186 1819 5262 inorit,

169 5258 208 5316 dc
221 5257 335 5316 Gallieni
348 5260 464 5317 Caesaris
485 5263 540 5317 lilia
560 5261 693 5330 inseruit,
707 5261 775 5318 falsa
796 5263 869 5332 siut,
886 5271 915 5318 ut
929 5277 972 5319 se·
1023 5264 1123 5335 quippe
1137 5261 1182 5335 qui
1197 5264 1241 5317 rix
1257 5262 1359 5318 ltaliam
1382 5263 1532 5335 ittgressus,
1556 5268 1583 5323 in
1603 5270 1735 5344 Aquileiae
1749 5283 1822 5341 obsi.

167 5352 266 5423 quenti
279 5353 449 5425 paragrapho
463 5354 647 5411 ostendemus.
729 5410 736 5417 ,
1023 5356 1105 5413 dione
1124 5366 1238 5412 utortem
1263 5355 1399 5426 oppetiit,
1430 5366 1460 5413 ut
1482 5369 1556 5416 recte
1582 5366 1705 5435 probarit
1728 5386 1821 5436 noster·

206 5440 340 5500 Cmtctmo
354 5444 432 5516 hujus
451 5446 584 5518 Anonymi
598 5446 696 5502 seriem
716 5463 731 5502 e
749 5445 883 5519 diptychis
898 5445 971 5502 deri·
1023 5448 1055 5504 P.
1072 5446 1167 5503 Petrus
1180 5446 1324 5503 Pnduunus
1338 5462 1371 5504 er
1387 5450 1481 5506 urdine
1501 5452 1734 5531 Conventtndiuut,
1748 5456 1819 5540 spurt

164 5546 316 5594 ratumne
337 5541 398 5610 quis
420 5540 536 5611 amplius
557 5540 672 5608 dubitet,
692 5541 917 5610 luculentissimo,
941 5549 971 5596 ut
1022 5538 1175 5611 Ugltellium
1199 5549 1264 5594 torn.
1289 5555 1304 5595 r
1326 5538 1516 5611 ltaliuesaerae,
1542 5561 1601 5617 pag.
1619 5547 1683 5618 683,
1704 5570 1821 5630 curruque

163 5631 248 5689 nobis
261 5633 370 5704 quidem
385 5633 502 5701 ridetur,
516 5644 677 5707 argumento
690 5635 854 5693 eondrntare
869 5636 966 5707 placet.
1022 5633 1143 5705 pluribus
1164 5632 1297 5704 etetttplis
1321 5634 1422 5705 liqueat
1442 5635 1501 5693 haec
1520 5639 1575 5695 duo
1598 5648 1706 5703 nomina
1733 5651 1818 5709 hatt-

161 5726 196 5787 lu
216 5740 250 5782 ca
270 5725 384 5783 series.
407 5725 537 5782 Proculus
552 5737 615 5785 ante
635 5728 665 5786 8.
685 5726 823 5788 Zenonem
838 5728 966 5801 ponitur:
1019 5729 1102 5788 miani
1124 5734 1152 5787 ct
1176 5726 1314 5785 harimini
1338 5728 1366 5785 iu
1392 5729 1529 5789 codicibus
1557 5737 1709 5804 promiscue
1736 5748 1819 5808 scribi

350 5819 489 5883 Parnon.
519 5820 576 5883 xi.
1576 5825 1596 5886 3
