4142 6175
1010 239 1196 302 trssbutx.

274 375 581 403 *nnn-u—

915 497 1000 575 sis
1012 493 1299 582 HISTORIA

359 668 1139 804 caarflaotusnsts
1197 648 1844 807 coustumiis.-

309 1015 434 1075 Dioturus
446 1015 482 1074 de
502 1014 670 1073 nobilissima
691 1012 893 1072 Catbolicorum
907 1028 969 1071 oum
984 1013 1075 1071 Dona·
1088 1015 1116 1078 Α
1129 1023 1211 1073 sesto
1230 1016 1321 1089 capite
1333 1017 1380 1075 li.
1402 1018 1499 1091 Dperae
1518 1017 1635 1091 pretium
1650 1026 1739 1076 autem
1754 1025 1813 1087 est,
1833 1016 1928 1090 prius·

273 1111 346 1169 tistis
370 1110 525 1168 Collatinus
546 1106 776 1182 Carthaginensi,
801 1108 882 1181 paulo
906 1107 989 1164 altius
1016 1121 1075 1164 rem
1127 1123 1208 1180 quana
1233 1111 1267 1167 ad
1292 1110 1450 1170 Donatistas
1475 1112 1692 1180 descendamus,
1713 1111 1817 1184 aliquid
1840 1112 1927 1169 ctiam

271 1216 394 1280 repetam
406 1219 439 1261 cr
453 1203 542 1281 reteri
556 1202 691 1261 memoria
704 1201 833 1259 Ecclesiae
845 1198 992 1259 Africanae.
1007 1198 1076 1256 Nam
1127 1199 1221 1259 dicere
1235 1204 1270 1259 de
1282 1201 1450 1262 Noratianis.
1471 1205 1539 1263 liam
1554 1214 1583 1263 et
1602 1206 1645 1263 bis
1658 1205 1697 1264 illi
1710 1205 1793 1263 veluti
1810 1221 1927 1263 succes

273 1308 300 1358 et
315 1300 342 1356 ln
356 1297 617 1370 Carthaginensibus
632 1295 757 1354 conciliis
772 1294 925 1352 indicandis
939 1292 1013 1350 taric
1024 1292 1076 1349 abs
1126 1308 1204 1361 scre,
1220 1303 1248 1352 et
1268 1296 1340 1354 inter
1353 1310 1401 1354 eos
1423 1297 1523 1355 similia
1537 1298 1622 1355 multa
1647 1298 1773 1368 luerunt,
1795 1307 1822 1356 et
1843 1298 1929 1355 multi

273 1391 440 1451 doctissimis
453 1393 535 1450 ctiam
547 1391 614 1449 viris
631 1396 775 1463 peemtur,
790 1390 861 1447 banc
875 1388 1075 1448 Ecclesiasticus
1126 1385 1209 1442 ctiam
1224 1387 1288 1443 olins
1302 1388 1455 1446 doctissimi
1477 1390 1605 1448 laoniines
1622 1391 1667 1447 bic
1685 1389 1768 1463 multa
1790 1389 1928 1447 conlude-

271 1483 393 1543 btstoria
406 1492 512 1556 partem
527 1484 608 1556 paulu
622 1483 804 1557 negligentius
824 1482 1036 1555 exponentibus.
1126 1487 1202 1546 runt,
1215 1495 1276 1551 qua
1286 1480 1468 1539 discernenda
1480 1492 1553 1540 sunt.
1567 1483 1644 1541 Adeo
1654 1483 1790 1540 Africanae
1801 1482 1927 1540 bisonas

307 1578 453 1636 balsamon
469 1578 581 1637 Craecus
601 1578 738 1650 interpres
752 1577 972 1644 Nonioeanonis,
988 1588 1076 1631 anno·
1127 1567 1336 1641 Ecclesiastico,
1354 1589 1415 1645 oua
1427 1574 1535 1633 meliori
1549 1576 1681 1633 mentoris
1696 1574 1857 1648 dignissima
1871 1584 1923 1643 est,

273 1680 327 1740 tat,
350 1673 468 1745 prinum
492 1680 555 1745 post
576 1671 763 1741 apostolorum
786 1679 909 1743 tempora
930 1667 1075 1726 concillum
1126 1665 1295 1735 perturbatio
1316 1681 1413 1740 magna
1432 1676 1486 1725 est.
1503 1668 1548 1726 Sic
1563 1668 1729 1740 Epipbanius
1743 1677 1772 1725 et
1794 1667 1925 1725 Tbeodo·

271 1764 359 1821 lnisse
381 1762 448 1820 illud
462 1762 698 1836 carthaginense,
723 1763 765 1820 cui
786 1760 939 1833 Cyprianus
953 1759 1073 1834 praefuit,
1125 1765 1202 1814 retus
1216 1759 1293 1815 aiunt
1313 1761 1467 1820 Donatistae
1484 1760 1569 1819 luisse
1587 1761 1744 1819 Narratione
1762 1759 1924 1820 bareseos:

273 1869 336 1912 cum
349 1863 519 1927 quereretur
540 1855 575 1912 dc
594 1854 734 1926 baptismo
753 1850 955 1911 baereticorum.
977 1852 1032 1910 Sed
1048 1851 1075 1909 id
1126 1849 1182 1907 imo
1196 1851 1270 1923 qood
1288 1851 1323 1908 de
1337 1853 1487 1910 Donatistis
1504 1855 1615 1927 proprie
1627 1853 1772 1912 dicendum
1787 1864 1851 1912 crat
1872 1854 1926 1910 ina·

272 1964 328 2006 non
343 1948 433 2006 minus
446 1948 538 2019 inepte
553 1946 671 2015 dicitur,
686 1962 767 2021 quam
781 1946 854 2020 ottod
868 1945 1075 2003 consarcinato·
1125 1940 1211 2013 perite
1225 1941 1259 1998 ad
1272 1940 1437 2002 liosatianos
1449 1944 1535 2004 relect
1547 1945 1732 2017 Epiphanius,
1745 1961 1809 2004 cum
1822 1947 1876 2003 bos
1888 1947 1927 2003 ait

273 2055 320 2098 res
335 2039 440 2097 Latinas
453 2038 597 2112 larraginis
610 2039 804 2107 conciliorum,
819 2047 848 2096 et
861 2037 1075 2110 liagdebttrgcn·
1124 2030 1219 2089 Roma
1242 2034 1394 2105 appellatos
1416 2050 1479 2094 csse
1506 2038 1671 2095 lionteoses.
1698 2036 1780 2095 Certe
1803 2038 1872 2095 lioet
1896 2039 1924 2094 iu

273 2150 320 2194 ses
333 2135 517 2206 exscriptores
527 2130 1073 2198 CenturiarumhistoriaEcclesiastieae,
1124 2125 1313 2199 anabaptismo
1343 2129 1542 2198 convenirent,
1572 2138 1663 2187 tamen
1694 2128 1721 2186 in
1750 2130 1925 2188 ceremoniis

274 2229 351 2286 aiunt
372 2229 489 2300 primum
504 2226 650 2285 concilium
663 2224 877 2298 Carthaginense
897 2225 980 2282 luisse
999 2223 1074 2281 illam
1124 2218 1252 2291 baptismi
1266 2235 1320 2277 ooo
1333 2221 1542 2280 conveniebant.
1566 2222 1720 2280 Urebantur
1742 2223 1823 2279 etiam
1845 2222 1922 2280 cbri·

274 2321 477 2379 Donatistarum
491 2319 637 2394 synodum,
650 2319 679 2376 iu
692 2333 744 2391 qua
758 2318 920 2376 Caecilianus
932 2315 1074 2389 Cartbagi—
1124 2319 1214 2369 amate
1234 2311 1398 2381 Donatistae,
1419 2329 1475 2371 non
1490 2313 1638 2372 utebantur
1651 2314 1810 2371 Notatiaui:
1830 2329 1923 2387 oeque

272 2415 366 2472 nensis
387 2414 487 2472 absens
509 2413 655 2472 damnatus
677 2421 729 2471 est.
752 2411 780 2468 Si
800 2421 938 2484 queratur
956 2411 1072 2483 primum
1087 2405 1455 2479 poeniuntiaeadversarit
1468 2406 1922 2475 crantDoustistae,utliosatiani,

272 2516 335 2581 post
346 2506 532 2578 apostolorum
546 2513 672 2577 ternpore
682 2503 841 2572 concilium,
853 2503 973 2560 dicerem
984 2503 1074 2574 potius
1127 2513 1214 2570 neque
1228 2499 1379 2567 secundas,
1394 2509 1425 2556 ιιι
1441 2500 1487 2569 iti,
1502 2502 1612 2573 nuptias
1630 2500 1807 2558 damnabant.
1820 2500 1924 2559 Saltem

271 2598 357 2657 luisse
379 2599 453 2656 illam
478 2597 675 2656 Caesariensem
698 2597 726 2652 ln
750 2595 894 2652 Palaestina
919 2595 1072 2667 synodum,
1125 2590 1185 2663 ipse
1197 2590 1361 2651 Cresconius
1374 2594 1517 2651 Donatista
1534 2608 1597 2651 oum
1610 2604 1722 2668 negaret
1735 2609 1799 2651 seso
1812 2586 1923 2650 bereti·

271 2708 334 2764 qua
347 2691 382 2750 do
400 2689 528 2750 Pacbatis
546 2689 592 2747 die
613 2689 762 2764 disputavit
787 2698 908 2759 tempore
930 2685 1073 2744 Commodi
1124 2696 1186 2739 eum
1197 2697 1269 2749 ease,
1282 2693 1309 2741 ct
1320 2685 1464 2742 bareticos
1474 2692 1659 2754 enumeraret,
1672 2700 1735 2743 cum
1745 2686 1844 2757 quibus
1856 2684 1923 2742 nibil

272 2782 446 2857 imperatoris
458 2782 538 2857 sicuti
551 2789 580 2837 et
596 2780 676 2852 paulo
689 2787 752 2852 post
764 2778 875 2840 Eume.
890 2786 918 2834 et
931 2778 958 2835 in
973 2776 1071 2846 Callia,
1125 2772 1240 2832 baberet
1253 2790 1416 2841 commune,
1430 2775 1597 2834 Noratianos
1610 2776 1693 2834 ctiam
1706 2788 1922 2834 commemorat:

271 2884 302 2936 ct
314 2877 341 2933 in
355 2877 471 2944 benaia,
485 2885 514 2933 ct
527 2877 555 2932 in
569 2874 670 2931 brabia
681 2872 801 2948 synodos
815 2880 956 2945 propteroa
970 2886 1072 2929 conve·
1124 2880 1214 2937 ncque
1227 2866 1408 2937 Augustinus,
1424 2883 1486 2925 cum
1497 2868 1524 2926 ei
1536 2868 1689 2939 respondit,
1702 2868 1821 2939 aliquam
1833 2867 1923 2924 Nosa-

272 2969 347 3026 nissc
367 2969 443 3027 testis
465 2976 508 3025 est
530 2966 665 3025 Eusebius
683 2964 732 3022 lib.
746 2979 774 3032 r,
795 2978 854 3034 cap.
869 2963 920 3031 23,
933 2972 962 3019 et
973 2962 1021 3019 lib.
1033 2976 1071 3029 rt,
1125 2956 1205 3013 tiana
1220 2956 1357 3031 inanesces
1372 2966 1464 3016 notant
1477 2958 1504 3017 ei
1524 2960 1619 3028 inurit,
1635 2960 1682 3019 lib.
1700 2971 1829 3017 utcontra
1853 2959 1922 3016 Cre·

271 3076 333 3132 cap.
346 3060 419 3118 ibet
432 3060 478 3118 di.
494 3058 598 3117 Deinde
608 3064 672 3115 autc
683 3055 847 3130 Cyprianum
861 3055 913 3112 alis
927 3053 978 3112 luit
990 3068 1073 3127 syno·
1124 3049 1247 3110 sennium
1268 3065 1329 3123 cap.
1344 3051 1372 3109 5.
1386 3051 1486 3110 Habuit
1500 3062 1589 3111 tamen
1608 3053 1787 3111 Notatiauutu
1802 3052 1923 3111 schisma

271 3153 323 3211 dns
337 3133 560 3224 carthaginensis
575 3150 611 3209 de
633 3150 772 3222 Baptismo
795 3148 994 3206 laaercticorum.
1018 3146 1072 3220 Cy·
1110 3141 1224 3199 'sitirilia
1237 3143 1322 3200 multa
1336 3160 1398 3201 cum
1412 3146 1558 3203 scbisroate
1571 3148 1792 3206 Donatistarum:
1808 3149 1858 3207 sod
1869 3149 1923 3206 No·

271 3247 385 3319 prianns
397 3242 431 3299 ad
446 3241 622 3311 lubaianuor,
639 3239 720 3296 liciti
741 3237 850 3315 (inquit)
860 3240 919 3311 y'om
932 3238 995 3294 unni
1011 3246 1073 3293 attat
1110 3234 1222 3291 ¹tatiani
1238 3250 1292 3292 non
1307 3235 1344 3292 ita
1359 3238 1508 3296 crudeliter
1521 3240 1638 3311 grassati
1661 3248 1741 3309 sunt,
1757 3249 1786 3298 ct
1804 3241 1922 3298 initalia

271 3349 296 3396 et
315 3338 393 3412 loopn
409 3347 490 3405 istos,
506 3352 538 3393 es
551 3350 602 3404 ouo
621 3336 668 3390 sui
688 3333 831 3407 Agrippino
854 3333 927 3389 bonu
942 3330 1072 3389 memorie
1123 3331 1204 3397 atquc
1217 3323 1328 3384 Oriente
1341 3338 1490 3399 regnarunt
1505 3330 1594 3402 potius
1608 3346 1688 3403 quam
1703 3333 1730 3389 in
1744 3331 1848 3390 sirica.

270 3431 337 3498 siro,
357 3430 533 3487 eunomianus
546 3428 574 3484 in
591 3442 673 3483 unam
699 3425 815 3498 episcopi
835 3424 940 3497 plurimi
953 3423 1002 3477 lioc
1017 3431 1071 3477 sto·
1159 3417 1195 3475 bt
1212 3428 1304 3476 sutem
1317 3419 1427 3492 quidam
1441 3421 1508 3478 olins
1524 3431 1628 3480 temere
1640 3422 1846 3481 conlundebaut
1866 3424 1920 3482 Do·

272 3528 391 3589 temnat,
410 3530 466 3577 eto.
485 3520 656 3592 Augustinus
679 3524 768 3573 tamen
790 3516 838 3572 lib.
853 3531 881 3571 tv
902 3513 937 3571 de
953 3513 1069 3584 Baptis,
1122 3519 1216 3566 natum
1240 3510 1383 3568 Numidam
1407 3528 1470 3571 cum
1497 3514 1604 3572 Donato
1627 3511 1856 3587 Carthaginensi.
1883 3519 1923 3576 sie

272 3628 298 3671 c.
313 3614 341 3682 d,
358 3626 414 3669 oon
433 3611 543 3682 multis,
559 3609 608 3668 sed
623 3610 717 3683 paucis
730 3607 808 3665 annis
821 3615 886 3663 ante
906 3607 1069 3678 Cypriacam
1122 3601 1203 3657 ctiam
1226 3602 1303 3660 multi
1324 3603 1458 3662 lioratum
1477 3622 1539 3663 eum
1554 3606 1719 3665 Noratiano.
1736 3606 1819 3667 certe
1830 3609 1923 3668 Thoo-

270 3705 325 3763 boc
337 3703 470 3763 accidisse
490 3705 550 3761 ait:
572 3711 603 3759 ut
623 3699 807 3774 intelligamus
820 3714 875 3757 non
890 3697 959 3756 adeo
977 3698 1070 3756 mttltis
1121 3690 1235 3750 floreius
1245 3694 1280 3752 dn
1294 3694 1361 3754 Μ).
1377 3698 1500 3756 haerelic·
1516 3702 1613 3758 scribit
1626 3702 1660 3760 de
1671 3702 1793 3772 N⁰v⁸l⁰s
1809 3720 1873 3776 oua
1887 3705 1923 3762 de

270 3806 334 3856 ,nug
347 3798 426 3854 annis
437 3796 465 3853 pp
477 3796 579 3854 [sctum
593 3809 665 3853 egga,
686 3792 740 3852 spo
753 3806 841 3865 noque
855 3807 938 3849 uinum
948 3806 981 3849 aa
992 3791 1027 3849 ne
1039 3806 1070 3848 ro
1083 3805 1107 3871 c
1122 3784 1272 3846 donatiano
1285 3790 1375 3862 potius
1387 3792 1532 3851 scribenda
1545 3804 1643 3865 erasit,
1659 3808 1685 3854 ct
1699 3796 1871 3870 Epiphanius
1883 3799 1922 3855 ait

270 3889 398 3965 Cypriani
411 3899 534 3961 temporo
544 3888 689 3947 concillum
702 3886 916 3960 carthaginense
930 3886 998 3943 luit:
1014 3886 1070 3943 imo
1122 3879 1255 3938 Nouatum
1278 3882 1363 3943 luisse
1376 3884 1472 3943 Romae
1485 3897 1607 3959 tempore
1627 3892 1844 3961 pascationis,
1857 3907 1920 3949 οιιιιι

269 3998 336 4042 rero
357 3982 407 4040 tria
428 3981 529 4050 luisse,
553 3980 651 4037 indicat
666 3979 819 4052 Cyprianus
838 3977 872 4034 ad
894 3977 1069 4034 lubaianum.
1122 3971 1148 4052 id
1163 3974 1253 4044 potius
1265 3974 1411 4035 dicendum
1425 3979 1549 4054 rideatur
1563 3980 1599 4039 de
1616 3981 1779 4042 Noratiano.
1797 3984 1921 4058 Dcriique

270 4073 349 4147 Quod
363 4083 453 4132 autent
469 4087 503 4130 ex
521 4072 555 4129 iis
569 4070 775 4130 celeberrimum
797 4077 858 4137 est,
871 4084 926 4141 ouo
938 4077 967 4126 ot
980 4067 1071 4125 Dona·
1121 4075 1149 4122 ct
1164 4065 1286 4126 Zonaras
1300 4068 1433 4129 Donatum
1447 4071 1657 4134 baresiarcbam
1678 4077 1745 4134 dicit
1757 4076 1842 4136 luisse
1861 4078 1921 4135 lio·

268 4169 340 4227 siste
363 4151 534 4240 potissimum
558 4163 753 4231 abutebantur,
778 4162 842 4220 oiim
862 4161 943 4220 ctiam
959 4160 1070 4233 quidam
1121 4171 1210 4216 manse
1231 4159 1364 4220 Ecclesia
1385 4165 1590 4239 presbyterum,
1611 4168 1709 4226 ecdem
1733 4184 1838 4228 errore.
1863 4170 1920 4229 Sed

267 4262 395 4320 dixerunt
419 4259 517 4317 labam
538 4266 567 4317 et
591 4256 683 4316 lictum
704 4270 790 4314 esset
811 4269 899 4328 neque
917 4255 952 4312 ab
973 4268 1070 4312 eorum
1121 4254 1167 4325 qui
1182 4254 1360 4328 Cypriacam,
1373 4259 1511 4318 ueletiam
1526 4261 1720 4335 Hieronymum
1736 4262 1860 4321 inCatal.
1876 4264 1921 4322 rel

267 4354 398 4428 opinione
411 4352 523 4409 outnino
536 4351 656 4410 alienum
675 4363 738 4408 sese
762 4362 823 4407 csse
838 4347 1005 4421 Augustinus
1019 4348 1070 4403 ali·
1121 4345 1231 4404 Deciani
1246 4349 1377 4421 epistolas
1396 4366 1484 4424 nuper
1498 4352 1587 4411 editas
1601 4355 1744 4426 legerunt,
1763 4355 1843 4413 iacile
1855 4358 1919 4413 ani·

268 4444 378 4520 quando
399 4443 561 4517 stgntttcarit
584 4442 657 4500 libr
679 4450 772 4499 cotttra
793 4438 923 4497 Crescon.
943 4453 1004 4511 cap.
1019 4438 1067 4496 δί.
1121 4441 1295 4500 madvertunt
1317 4443 1381 4515 quid
1405 4444 1609 4520 Nmato,quid
1631 4447 1785 4505 Noratiano
1808 4450 1920 4522 proprie

266 4538 322 4600 Sed
335 4549 425 4596 tamen
441 4538 468 4594 in
481 4538 562 4611 epist.
577 4535 623 4602 ill,
644 4535 761 4608 ingenue
774 4535 907 4607 agnoscit,
923 4542 994 4591 etcs
1008 4534 1068 4605 ipso
1121 4534 1331 4595 adscribendum
1351 4539 1387 4595 sit
1399 4559 1406 4597 :
1418 4549 1446 4596 ct
1460 4548 1535 4597 tauto
1556 4550 1702 4613 propterea
1724 4542 1810 4615 magis
1834 4543 1921 4600 miror

266 4638 338 4711 stylo
351 4635 455 4705 linuere
468 4634 583 4702 latetur,
606 4632 753 4691 condatum
774 4646 827 4686 non
842 4644 914 4687 esso.
931 4625 1066 4685 Caeterum
1120 4636 1246 4687 auctores
1267 4627 1457 4688 Centuriarum
1483 4630 1606 4689 ltistoriae
1632 4633 1825 4691 ecclesiastica
1848 4632 1919 4690 scri·

267 4733 290 4790 si
311 4732 339 4788 in
363 4728 493 4806 Cypriani
518 4724 687 4797 temporibus
715 4720 887 4795 predicanda
910 4730 953 4778 cst
977 4720 1066 4791 aliqua
1120 4721 1208 4793 psissc
1219 4720 1534 4781 Noratiauumailotato
1544 4735 1665 4782 creatum
1678 4724 1765 4785 luisse
1774 4726 1920 4784 diaconum

266 4822 388 4896 synodus
406 4820 534 4878 Alricana
561 4817 618 4875 sire
641 4811 881 4886 Cartbagincusls,
905 4811 951 4868 illa
974 4812 1066 4884 potius
1118 4815 1815 4891 CarthaginenseminritoCypriano.Felicissimum
1827 4820 1921 4892 potius

264 4914 400 4972 laudanda
422 4922 513 4980 esset,
537 4924 619 4983 quam
642 4906 796 4980 Cyprianus
817 4903 866 4961 lib.
881 4919 925 4971 tt,
940 4904 1021 4976 epist.
1035 4905 1062 4972 8,
1118 4908 1212 4967 dicere
1231 4909 1392 4968 debuerant.
1418 4911 1491 4969 Sane
1510 4910 1631 4969 Donatus
1643 4911 1775 4986 Cypriani
1796 4913 1920 4987 episcopi

265 5016 359 5066 namt
371 5007 536 5066 convenisse
550 5004 683 5063 adversus
697 5015 766 5066 eos,
783 5000 830 5072 oui
851 4998 1064 5056 circumcisionis
1117 4999 1340 5075 carthaginensis
1361 5004 1504 5078 presbyter
1526 5004 1576 5062 luit
1589 5021 1597 5061 ε
1611 5005 1659 5077 oui
1679 5020 1743 5063 cum
1766 5007 1793 5063 in
1812 5006 1919 5064 ltaliam

264 5098 391 5170 exemplo
403 5098 564 5166 abulemoe,
584 5095 712 5153 nolebant
725 5092 841 5151 inlantcs
853 5092 984 5165 baptisari
998 5100 1062 5151 ants
1116 5092 1249 5164 venisset,
1264 5093 1442 5151 Noratianunt
1459 5096 1611 5153 Romanum
1626 5098 1816 5172 presbyterum
1836 5097 1922 5173 w

264 5200 393 5252 usurum
406 5190 491 5247 diem.
505 5189 559 5249 Sed
574 5199 601 5247 et
614 5189 654 5246 illl
666 5187 784 5248 alricani
797 5185 930 5259 episcopi,
944 5186 989 5260 qui
1002 5202 1066 5244 cuna
1079 5192 1106 5253 1)
1119 5185 1203 5243 ueluti
1216 5187 1370 5260 antipapam
1383 5187 1477 5245 Romae
1493 5187 1582 5244 creari
1592 5189 1719 5258 sunnin
1733 5203 1795 5246 cum
1806 5189 1922 5246 eiectio-

263 5284 402 5360 Cypriano
421 5282 562 5356 coniuncti
580 5282 718 5355 scripsere
740 5281 774 5338 ad
788 5279 945 5338 Comelinm
965 5295 1063 5354 papam
1119 5278 1408 5362 ncnaCornclii,quam
1417 5280 1549 5353 impedire
1557 5296 1613 5338 non
1625 5290 1761 5354 potuerat,
1769 5279 1921 5356 legitimam

264 5376 417 5435 Romanum
430 5374 466 5433 dc
481 5388 548 5446 pace
569 5374 653 5447 lapsis
667 5372 866 5448 poenitentibus
879 5371 985 5441 danda,
1007 5373 1068 5429 lau·
1120 5386 1173 5429 non
1189 5387 1251 5431 esse
1263 5373 1456 5430 cavillaretur:
1470 5371 1553 5432 sicuti
1564 5373 1689 5432 Donatus
1703 5373 1837 5441 Numida,
1856 5390 1921 5433 cum

263 5469 363 5529 dabilis
376 5467 474 5543 synodi
488 5465 712 5537 carthaginensis
733 5465 866 5524 adsersus
878 5463 1013 5521 Nouatum
1031 5479 1066 5523 eu
1118 5463 1256 5523 Caeciliani
1264 5465 1384 5539 episcopi
1390 5464 1614 5539 Cartlraginensis
1627 5466 1831 5543 ordinationem
1840 5483 1922 5536 mco-

263 5569 388 5635 tempore
406 5560 525 5635 speciem
539 5556 669 5627 oditlere,
683 5558 762 5616 sicuti
775 5567 804 5616 ct
822 5556 919 5616 efflent
941 5565 1065 5629 tenpore
1116 5568 1207 5628 saret,
1223 5558 1401 5631 ltajorioum,
1417 5558 1461 5618 cui
1475 5559 1598 5619 Donatus
1611 5559 1683 5619 alter
1694 5562 1830 5620 cucumis
1843 5562 1921 5620 ordi·

263 5653 408 5727 quamdam
423 5653 574 5711 Romanam
589 5649 740 5726 synodum,
753 5651 800 5708 cui
813 5650 872 5710 biri
894 5666 1004 5723 ottoque
1018 5651 1063 5710 in·
1118 5656 1176 5711 nari
1190 5654 1317 5722 curarit,
1333 5663 1361 5710 ut
1374 5654 1451 5712 testis
1465 5665 1508 5711 est
1521 5654 1636 5727 August.
1653 5654 1680 5710 in
1698 5652 1748 5712 lib.
1764 5654 1800 5713 de
1813 5655 1918 5713 taem.

264 5746 423 5822 ιοιιιιιιίιιι,
437 5746 509 5808 idem
521 5744 660 5808 deiloiissa
669 5783 678 5816 ,
694 5743 773 5803 testis
787 5752 830 5807 est
843 5744 977 5807 Eusebius
992 5744 1065 5807 libro
1117 5747 1166 5821 qui
1181 5747 1262 5806 etiam
1278 5755 1423 5821 propterca
1445 5745 1540 5819 adjicit
1559 5762 1622 5806 euru
1645 5746 1675 5808 in
1689 5746 1759 5808 urbe
1777 5747 1921 5822 Carthagi·
