4142 6175
155 290 229 351 ssu
608 268 747 350 'ousra
764 287 990 348 contusionis
1007 290 1320 351 esurusornunsts.
1722 296 1804 370 rosso
1892 246 1897 254 ’

107 390 111 395 ’
156 402 217 459 latis
230 401 373 458 amicorum
385 416 508 470 summos,
531 404 663 475 superpua
686 403 825 470 resecarit,
847 410 870 457 et
884 412 955 473 qesta
968 411 994 472 Α
1006 404 1085 459 limus
1099 422 1146 477 pro
1159 406 1264 462 mosiulo
1277 407 1371 461 uirium
1391 416 1551 473 nostrarum,
1575 409 1656 465 secuti
1666 408 1693 465 in
1706 410 1754 466 boc
1765 415 1804 467 oet

156 512 187 552 eo
199 494 276 552 motio
288 496 451 551 concinnabit
462 511 514 566 quo
537 512 634 552 nuncu
660 497 734 552 nobis
761 497 891 568 ieqontur.
914 493 955 551 lia
1007 494 1213 553 doctissimorum
1237 499 1350 553 uirorum
1373 498 1522 570 judicium,
1545 500 1589 571 qui
1602 501 1674 555 uaria
1696 502 1805 557 istorum

154 602 218 644 sans
231 586 295 642 olins
306 586 422 642 studiose
431 596 555 659 eccepto,
569 588 727 661 conscripta,
747 587 891 659 cqilotaque
900 593 957 659 quo·
1006 599 1137 662 qestorurn
1151 590 1210 645 iaco
1231 606 1324 645 sonare
1342 605 1387 662 per
1399 600 1564 645 transennam
1575 592 1743 659 studuerunt,
1765 592 1805 648 oei

154 689 233 746 sant,
244 681 327 754 iuquit
339 679 486 737 Bullsinus
498 723 506 750 ‚
531 682 576 737 sesi
597 683 720 753 temporis
732 682 831 755 injuria
849 681 955 753 posteri·
1006 683 1166 753 conjecturas
1181 691 1294 747 nostras,
1308 698 1386 753 quum
1406 690 1481 736 certoe
1492 680 1564 735 nobis
1577 683 1638 737 sisa
1651 691 1721 737 sunt.
1733 680 1804 737 liuor

156 773 268 842 casuque
281 771 437 845 nsqiiqentio
449 772 649 841 interciderunt,
677 774 759 828 aonea
773 773 875 829 tantiern
887 788 956 827 anno
1007 773 1078 845 quat
1091 771 1204 829 lacobus
1218 773 1341 845 Cujacius
1353 774 1397 828 tib.
1414 788 1442 828 rr
1458 771 1590 828 Obsessos.
1606 789 1664 844 cop.
1679 776 1710 831 51
1723 816 1731 842 ,
1756 775 1805 830 asi·

157 862 229 922 {libb
240 865 269 919 irs
287 876 379 919 smus
392 864 510 938 ejusdem
529 864 654 921 uoluunt
666 880 756 921 tencre
771 865 894 935 beneficio
908 864 956 920 riri
1008 874 1079 920 notat
1093 867 1187 920 nrultos
1200 880 1298 920 errores
1311 866 1338 920 in
1350 865 1428 920 libros
1443 866 1513 937 juris
1526 866 1608 921 ciuilis
1633 867 1750 922 attulisse
1764 882 1807 924 oe·

155 948 296 1017 clarissimi
314 956 425 1014 loannis
441 956 503 1013 Tilii
511 959 626 1032 episcopi
640 958 791 1014 uertentis.
814 957 891 1026 Quot
909 974 957 1013 as·
1009 966 1088 1012 terem
1108 973 1154 1029 per
1178 967 1252 1012 notos
1273 957 1402 1013 scribendi
1425 957 1569 1022 rationem,
1592 957 1625 1011 tie
1649 958 1725 1027 pestis
1750 958 1807 1013 istis

156 1060 208 1109 tem
221 1066 273 1106 non
287 1049 392 1107 omnino
402 1048 552 1122 perierunt,
567 1049 686 1106 aebemus
699 1091 706 1116 ‚
721 1051 824 1121 opinor,
836 1048 958 1120 quicquid
1008 1051 1137 1122 affirmari
1152 1060 1235 1120 potest
1261 1049 1354 1121 absque
1376 1050 1429 1104 uilo
1451 1050 1565 1121 periente
1592 1052 1805 1122 reprehensionis.

156 1142 205 1199 alli
216 1151 305 1198 conon
314 1141 442 1208 sentiant,
455 1141 621 1198 nobilissima
634 1139 757 1196 Ecclesia
770 1139 955 1212 Luqclunsnsi‚
1008 1140 1141 1197 Pratereo
1150 1141 1316 1197 adbibuimus
1325 1143 1503 1197 auctoritatem
1514 1152 1624 1198 ueterum
1638 1142 1804 1215 tariotarum,

157 1252 216 1310 qua
229 1235 331 1292 illustre
351 1234 401 1291 lsoc
415 1236 577 1307 antiquitatis
600 1244 793 1289 monumentum
817 1234 843 1287 in
858 1230 958 1287 biblio·
1009 1235 1140 1307 proedpue
1154 1252 1212 1291 uero
1233 1238 1316 1291 sancti
1330 1237 1468 1310 Anqustini
1482 1236 1597 1307 episcopi
1613 1234 1805 1309 Hipponensis,

159 1326 236 1384 rieca
250 1343 299 1383 sua
311 1327 431 1383 serranit.
447 1325 496 1381 Cui
513 1326 550 1381 rei
564 1325 661 1380 indicio
674 1335 711 1380 est
723 1324 800 1379 etiarn
820 1323 958 1397 inscriptio
1009 1329 1052 1383 rui
1065 1329 1109 1383 uni
1118 1328 1179 1401 plus
1192 1345 1270 1401 quarn
1282 1332 1381 1385 catenis
1395 1330 1422 1384 in
1436 1326 1486 1382 buc
1498 1345 1576 1383 caroso
1591 1328 1663 1384 eiebet
1678 1328 1806 1383 Ecclesia.

157 1432 230 1479 retus
243 1422 327 1493 posits
336 1422 364 1476 in
376 1420 451 1476 initio
463 1420 554 1475 ommis
567 1419 734 1488 sumpturis,
754 1419 777 1473 ei
796 1416 959 1488 stultisque
1011 1418 1185 1477 llutationom
1198 1439 1277 1494 porra
1291 1423 1434 1477 omniuma
1450 1422 1522 1477 nobis
1534 1423 1562 1477 in
1578 1433 1673 1478 tectum
1687 1422 1808 1477 inclucta-

158 1522 241 1572 ustor
262 1514 291 1570 in
309 1511 502 1587 capitecoiicis
517 1509 705 1578 Tertullianes',
719 1526 794 1582 quens
816 1509 897 1565 eiciern
908 1507 959 1563 lie-
1009 1528 1068 1568 runs
1088 1514 1214 1569 rationem
1228 1514 1372 1570 sedlerter
1386 1514 1551 1586 fastidiosum
1563 1516 1654 1586 [uisset
1672 1515 1808 1571 lectoribus

158 1606 245 1665 aeno
255 1604 348 1661 obtulit
364 1602 748 1677 Aqobarciusarcloiepiscopus.
764 1601 883 1674 Sicerqo
895 1600 959 1672 ispi·
1009 1614 1035 1662 et
1049 1623 1100 1662 non
1123 1606 1265 1662 animosioris
1287 1608 1365 1676 utile,
1391 1608 1464 1663 nobis
1484 1624 1543 1663 uero
1567 1609 1641 1664 oolie
1661 1624 1806 1664 annosum.

159 1704 203 1754 ists
213 1698 242 1753 in
253 1700 339 1771 [sonte
351 1695 612 1769 intemperiarum.
1010 1697 1104 1769 ltaque
1121 1697 1204 1755 ciebis
1223 1715 1281 1772 quac
1301 1700 1445 1772 ruraniscsta’
1462 1710 1536 1755 erant
1563 1702 1712 1773 plerumque
1735 1701 1809 1757 silui·

457 1804 536 1846 ursan
545 1802 667 1846 usuras
974 1800 1093 1862 Bmusp
1109 1806 1198 1845 earum
1213 1806 1284 1846 nero
1306 1792 1433 1847 rationem
1458 1791 1618 1847 reddidimus
1631 1809 1688 1864 qua
1710 1793 1810 1863 clipuitl

239 1914 243 1921 ·
353 1893 613 1939 uonurusssncrr
627 1894 757 1936 srsousm
1011 1883 1168 1954 difficultatis
1195 1884 1287 1939 babere
1310 1884 1472 1950 ridebantur,
1497 1896 1613 1956 nunqua
1636 1884 1810 1943 illustratione

356 1990 428 2032 roro
446 1990 589 2032 sumansu
610 1988 744 2031 conantur.
1009 1975 1169 2049 inaiqebunt.
1196 1974 1267 2032 Sane
1292 1976 1420 2047 offirmare
1439 1993 1497 2032 rere
1514 1992 1650 2046 possumus
1673 1976 1810 2032 coitionem
1845 2012 1847 2015 -

196 2070 264 2127 Tam
276 2083 336 2125 etro
347 2066 567 2137 liolcluinus,qui
576 2066 756 2131 existimabat,
777 2070 801 2117 el
813 2078 885 2130 oete,
902 2078 959 2117 ott·
1010 2069 1079 2124 banc
1105 2079 1219 2125 nostram
1245 2070 1326 2125 nrulto
1351 2070 1484 2125 meliorem
1505 2087 1559 2126 esse
1577 2069 1694 2126 omnibns
1707 2070 1740 2126 iis
1753 2086 1811 2139 qua

161 2177 241 2236 qnsm
254 2159 302 2216 sibi
317 2158 454 2229 questum
468 2156 616 2213 thesaurum
628 2157 828 2222 eusebiolum,
842 2171 874 2210 eo
890 2165 961 2229 qesta
1010 2176 1091 2232 usque
1103 2161 1138 2215 acl
1147 2159 1216 2216 banc
1236 2160 1305 2218 diens
1329 2161 1495 2234 prodierunt,
1519 2163 1595 2233 taque
1606 2162 1684 2234 [ociis
1696 2161 1812 2217 intellec·

161 2253 354 2326 accurateleqit
373 2261 397 2308 et
410 2251 547 2325 capessiit,
571 2261 596 2307 et
619 2251 788 2307 intereatiuns
814 2250 961 2316 ederentur,
1013 2261 1141 2307 turoseos
1160 2253 1204 2323 qui
1227 2252 1300 2307 ilioni
1326 2255 1482 2309 contulerint
1509 2271 1567 2309 cunr
1596 2254 1810 2309 Matronianum

162 2348 299 2404 bistoriarn
319 2346 393 2401 istius
406 2344 556 2400 sabbatianis
579 2344 702 2414 oulqooit.
732 2340 835 2397 Poterat
859 2341 904 2396 ille
926 2341 962 2394 le·
1012 2340 1170 2410 Pitinum,
1193 2343 1328 2414 exquibus
1343 2345 1451 2416 reliqua
1469 2357 1533 2398 orta
1556 2354 1626 2398 srurot.
1642 2344 1712 2399 Nom
1734 2345 1756 2399 si
1769 2347 1811 2399 cui

162 2440 232 2497 aiore
257 2437 408 2506 campensis
422 2447 493 2509 qesta
515 2435 606 2502 clere,
632 2434 656 2488 si
676 2430 807 2489 uoluisset.
826 2430 880 2488 Seti
892 2430 963 2486 suut
1013 2438 1113 2486 tontum
1128 2432 1175 2486 otii
1189 2432 1251 2499 erit,
1266 2433 1290 2487 is
1304 2437 1419 2504 profecto
1439 2434 1517 2505 [urile
1530 2434 1713 2488 animaduertes
1732 2449 1811 2499 quom

163 2532 241 2589 tisbie
250 2531 409 2605 inteiiiqebot
420 2531 504 2586 multo
516 2529 612 2586 meniu
622 2537 727 2585 asstare
739 2529 767 2583 in
775 2527 853 2583 reteri
864 2525 964 2605 codice·
1013 2525 1095 2579 multa
1107 2525 1250 2580 mciimint
1271 2524 1394 2582 llassono
1417 2536 1441 2581 et
1461 2526 1579 2592 Pittaco,
1602 2543 1660 2597 qua
1674 2544 1720 2583 nos
1736 2544 1811 2599 repo-

163 2628 336 2700 maculem
345 2624 509 2689 destinabat,
523 2622 607 2678 muita
620 2622 697 2677 etism
709 2635 767 2691 qua
789 2618 963 2692 baptisatione
1013 2618 1115 2674 ruinius
1128 2634 1161 2673 ec
1182 2619 1260 2674 aeteri
1283 2620 1385 2688 coaice,
1405 2636 1483 2690 quarn
1506 2620 1587 2675 multa
1600 2630 1686 2674 errata
1705 2619 1737 2674 ub
1757 2621 1811 2676 iliis

143 2718 325 2792 ‚mapsam
340 2715 457 2773 uteceis
469 2715 560 2788 colliqi
579 2713 768 2788 possetoliquis
779 2715 891 2783 prmius.
913 2709 964 2765 Pe·
1014 2713 1278 2779 sonorissimus,
1303 2729 1360 2781 qua
1383 2715 1507 2769 noscatis
1527 2714 1646 2788 policitus,
1668 2722 1696 2769 ut
1707 2714 1811 2786 quidem
1846 2780 1847 2783 Ἴ

165 2811 242 2867 risset
264 2825 393 2865 sosserem
415 2808 589 2880 qratissimunr
604 2806 723 2877 tbeoioqo
744 2803 900 2859 toronensi
921 2802 965 2874 qui
1015 2805 1165 2876 opinamur,
1182 2806 1382 2862 enrcndorimus.
1397 2804 1470 2861 tttut
1484 2809 1645 2874 nolentium,
1667 2808 1736 2879 quoti
1754 2809 1811 2862 luia·

162 2919 251 2960 ceram
261 2904 374 2973 suscepit
393 2900 547 2957 srnenlouli
559 2897 689 2954 Breoieuli
702 2896 898 2970 Auqustinisni.
911 2893 965 2952 ttts
1016 2905 1057 2954 tus
1069 2914 1156 2954 onones
1165 2900 1286 2972 supplere
1297 2900 1467 2970 requisimus,
1484 2902 1624 2970 prasertim
1635 2898 1679 2955 ubi
1689 2902 1811 2971 aqebotur

163 2998 233 3055 enim
243 3004 352 3054 mutus
365 3011 408 3063 se,
421 2994 547 3051 cumbas
560 3002 619 3051 ueto
644 2994 878 3064 nsoqnoreaempto
891 2998 966 3059 opto·
1015 2978 1669 3063 sicrestituencir‘snominibusepiscoporunruiqinti
1687 2989 1811 3047 Ecclesia
1838 3010 1841 3013 ·

164 3091 257 3158 aissa,
271 3099 347 3161 atque
370 3085 441 3161 aput
460 3083 585 3141 Bsiluini
607 3094 661 3139 tuns
680 3082 796 3157 defuncti
821 3080 919 3138 amicos
942 3090 966 3136 et
1015 3082 1150 3138 catboiica
1166 3100 1225 3155 qua
1245 3084 1394 3139 ecciderunt
1421 3084 1448 3138 in
1477 3084 1625 3139 recitatione
1645 3083 1810 3156 subscriptio-

164 3183 278 3239 ltoeratles
303 3173 400 3253 inquiri
417 3180 540 3255 jussisset
551 3220 560 3245 ,
571 3179 728 3235 intelleoisss
749 3177 854 3248 tiilapsa
879 3174 1000 3247 numae
1016 3188 1087 3227 num.
1102 3173 1231 3242 Quoniam
1243 3191 1303 3231 uero
1319 3192 1413 3248 moqna
1425 3191 1485 3245 pars
1496 3177 1577 3231 tertia
1598 3176 1752 3248 coquitionis
1766 3177 1811 3231 de·

163 3276 316 3349 quessiset.
333 3272 845 3344 Transierantiilainp'ssetpotestatem
856 3267 966 3324 eetetes-
1016 3264 1155 3331 minatur,
1183 3283 1241 3339 qua
1265 3268 1407 3323 sucessorio
1432 3268 1542 3340 petentia
1561 3278 1598 3324 ert
1624 3285 1655 3323 ec
1672 3266 1809 3323 lireuicuio

163 3368 224 3424 rirni
247 3367 296 3424 siri
315 3366 406 3439 Anqeil
422 3364 552 3440 impeti,
568 3363 679 3418 bominis
690 3360 793 3433 quibem
807 3357 906 3422 Graeci.
919 3356 965 3412 sesi
1015 3359 1099 3414 sancti
1109 3357 1257 3432 toquentur,
1269 3372 1297 3416 ut
1304 3361 1403 3434 pricicnr
1414 3362 1512 3417 rnonrtit
1523 3361 1647 3431 Papirius
1659 3361 1809 3431 ilassouus,

167 3460 260 3518 Latine
272 3459 433 3527 imtissirni;
455 3476 472 3514 a
488 3474 539 3530 quo
553 3473 583 3513 ea
607 3455 699 3511 inula
724 3453 814 3510 babuit
841 3448 966 3507 Claudius
1015 3450 1093 3522 pestis
1107 3449 1273 3520 adjunximus
1285 3453 1458 3526 [roqrnentum
1468 3469 1500 3507 cc
1512 3451 1724 3521 illollreuicula‚
1740 3454 1808 3509 abeo

165 3553 309 3611 laslinse
331 3551 482 3609 Masculus
493 3548 665 3614 Porisiensis,
688 3549 762 3618 cetius
777 3543 964 3614 beneficioser·
1015 3538 1132 3594 uidelicet
1145 3539 1203 3595 loco
1216 3541 1260 3595 ubi
1278 3551 1349 3614 qesta
1368 3541 1503 3610 laimunt.
1530 3542 1661 3608 Quantum
1674 3545 1812 3599 notamin-

164 3626 225 3705 tiala
238 3664 292 3705 esse
302 3646 389 3704 scribit
401 3644 524 3718 Papirius
535 3642 685 3699 llassonus.
701 3638 793 3695 Primo
802 3638 863 3693 binc
877 3652 965 3693 eorum
1015 3632 1089 3687 lersit
1101 3632 1250 3701 reipublicae
1270 3633 1418 3688 cbristianoe
1439 3651 1469 3688 co
1484 3634 1576 3690 babere
1589 3651 1653 3691 sana
1667 3643 1692 3690 et
1710 3636 1810 3705 inteqra

163 3740 244 3798 “ppo
269 3739 366 3814 Μία
381 3735 495 3793 pqpqqqqq
506 3752 576 3791 mmo
592 3734 661 3792 1589
671 3750 749 3807 opem
762 3732 878 3804 ejusaem
889 3729 964 3785 Mas·
1015 3723 1055 3778 rel
1068 3723 1129 3778 lunc
1140 3722 1218 3792 liqmt
1227 3726 1297 3794 quoa
1315 3740 1455 3794 peronnae
1468 3725 1583 3797 sinqulos
1597 3725 1709 3780 lectitata
1718 3725 1746 3780 in
1756 3723 1809 3779 Ec-

163 3834 223 3890 mq
234 3874 243 3902 ‚
253 3831 298 3889 „q
309 3871 317 3899 ,
328 3829 397 3903 quoq
410 3826 549 3883 ponendum
559 3836 596 3882 „q
610 3867 618 3891 ‚
630 3826 668 3879 pq
680 3825 819 3890 menam,
830 3829 859 3876 qs
872 3831 966 3893 prpter
1016 3815 1101 3869 ciesiis
1110 3812 1243 3887 Africanis
1250 3815 1518 3892 suissetestaluritlem
1527 3816 1685 3889 »inquilinus
1695 3818 1775 3891 227
1784 3819 1811 3874 in

163 3934 251 3984 errata
263 3922 354 3978 seleon
366 3920 483 3988 librarii,
497 3918 579 3972 muita
599 3915 685 3971 ossus
706 3930 771 3970 noso
783 3912 919 3969 commissa
933 3909 966 3965 ab
1016 3906 1126 3979 epistola
1139 3921 1205 3961 arun
1230 3917 1254 3961 ct
1273 3907 1301 3961 in
1316 3905 1380 3962 libro
1395 3908 1428 3961 rie
1447 3905 1531 3962 Gestis
1544 3925 1603 3962 cunr
1618 3906 1743 3963 Emerita.
1761 3908 1811 3963 lte·

163 4016 284 4077 illosint.
299 4013 415 4070 Tauium
428 4029 497 4068 anno
513 4009 598 4079 tiss,
614 4025 700 4066 mense
725 4006 868 4064 Februario
892 4021 965 4061 sene·
1016 3997 1104 4053 ainus
1125 4006 1150 4052 et
1168 3998 1236 4053 illusi
1257 3998 1428 4070 quorumdam
1447 3998 1609 4055 suasionibus
1622 3999 1721 4055 utlruic
1740 4000 1812 4072 {raq-

164 4109 264 4168 rnntiss
276 4108 318 4164 iric
332 4107 414 4163 coiea
426 4116 452 4160 et
471 4121 537 4160 astra
551 4113 641 4159 contro
662 4101 830 4159 aestimandus
849 4098 884 4154 acl
908 4115 964 4154 trra·
1016 4101 1101 4147 molt
1121 4091 1334 4165 ‘microcosmos
1354 4094 1460 4149 ttomt'uo
1483 4092 1662 4163 aristocritus
1681 4095 1813 4164 simusque
1839 4127 1844 4134 ·

164 4216 244 4275 qnum
263 4198 339 4255 illurn
363 4195 473 4252 Petrum
497 4194 627 4251 Pitisoeum
652 4193 780 4266 persenit,
803 4189 924 4247 eiulatus
949 4205 966 4244 s
1017 4184 1352 4254 partisquureeitatosuut
1366 4184 1550 4255 incoquitione
1573 4185 1666 4254 priona
1679 4185 1747 4252 clici,
1760 4196 1813 4239 tuns

166 4292 294 4350 lionaino
306 4306 386 4346 causa
398 4288 594 4362 permutationis
603 4302 661 4341 cuns
671 4284 760 4340 cotiice
774 4282 881 4337 lienrici
894 4278 943 4335 ill
956 4321 964 4347 ‚
1017 4275 1095 4330 eliam
1107 4274 1323 4329 seorsimnomina
1335 4290 1422 4329 eorum
1432 4274 1476 4346 qui
1489 4274 1521 4328 ab
1532 4284 1640 4346 utraque
1653 4284 1727 4345 parte
1736 4276 1811 4331 eiecti

167 4387 331 4444 Francorum
343 4386 421 4458 reqis.
436 4384 470 4440 lit
486 4381 603 4438 Pitbceus
612 4382 733 4452 quitiam,
750 4377 887 4434 collatione
896 4380 966 4446 locta
1016 4372 1079 4422 sunl
1091 4367 1125 4421 ati
1139 4367 1329 4433 suscipiendus
1338 4367 1510 4421 collationem.
1527 4365 1566 4421 ttb
1579 4383 1656 4435 quarn
1668 4368 1813 4424 etiamcau·

168 4496 226 4536 curn
239 4481 316 4536 ueteri
330 4475 473 4551 exemplari
485 4516 493 4536 .
519 4473 649 4529 nuelr'orern
668 4471 728 4545 lecit
743 4468 880 4524 elisionem
894 4465 966 4521 llus·
1016 4476 1073 4516 sam
1085 4459 1161 4514 istbic
1180 4457 1307 4513 elidimus
1325 4475 1369 4514 eos
1392 4474 1521 4514 sermones
1541 4474 1605 4530 quos
1628 4458 1696 4514 ilem
1709 4470 1812 4516 sanatus

168 4572 243 4638 soni,
257 4571 302 4626 sei
316 4587 367 4626 non
380 4571 417 4624 ita
431 4576 516 4623 tomen
529 4563 685 4637 quinaibuc
695 4561 776 4616 multo
789 4559 864 4630 plura
874 4573 965 4627 super-
977 4570 1006 4633 1)
1017 4553 1153 4625 episcopus
1165 4551 1253 4607 babuit
1263 4552 1374 4607 instante
1384 4552 1522 4607 collatione
1531 4560 1554 4606 et
1567 4560 1624 4620 post
1635 4548 1811 4618 collationem,

168 4653 504 4738 [urinimnentlantiapost
519 4654 799 4714 laboriosascttioctus
813 4650 966 4708 summiniri
1016 4663 1125 4720 morum
1148 4645 1301 4701 mentionem
1324 4644 1387 4716 facit
1417 4643 1553 4698 Poseidion
1575 4641 1690 4696 indiculo
1708 4657 1814 4714 operum

167 4753 281 4829 siqr'lias.
298 4751 354 4810 lios
366 4754 470 4825 itaque,
483 4765 562 4823 quum
584 4748 788 4819 intellipersmus
809 4742 898 4815 quanti
912 4757 967 4795 mo·
1017 4742 1140 4814 quedem
1157 4739 1311 4796 illidimus
1323 4746 1447 4808 praterea
1460 4735 1652 4790 constitutiones
1675 4743 1732 4805 post
1746 4733 1813 4788 banc

166 4847 246 4904 menti
259 4847 469 4918 essetbcecqesto
492 4840 586 4896 babere
608 4855 688 4906 suna,
710 4831 967 4907 quantumque'ltinc
1016 4835 1180 4890 collationem
1210 4831 1242 4888 ob
1264 4829 1427 4903 imperatore
1451 4827 1570 4884 Honorio
1589 4826 1690 4891 etiitos;
1711 4842 1775 4897 quas
1789 4834 1814 4881 et

166 4940 287 4998 utilitatis
300 4935 433 4993 occeaemt
448 4932 572 4989 Ecclesia
591 4928 800 4987 siemenciatioro
816 4924 965 4998 prodient,
1017 4943 1064 4983 nos
1087 4936 1209 5001 putamus
1227 4923 1353 4995 respicere
1374 4922 1409 4977 ati
1423 4936 1453 4976 ea
1466 4935 1523 4991 qua
1534 4928 1606 4990 qesta
1628 4919 1655 4972 in
1674 4917 1814 4972 collatione

167 5035 237 5090 bunc
249 5030 363 5087 laborem
372 5027 488 5082 lubenter
497 5024 675 5096 suscepimus,
694 5020 758 5076 satis
777 5018 891 5090 amplam
904 5031 968 5087 qna·
1018 5027 1094 5085 sunt,
1108 5026 1132 5072 et
1146 5016 1184 5071 ito
1201 5014 1263 5068 siris
1277 5014 1376 5083 aliquot
1391 5011 1479 5066 riaetis
1491 5024 1642 5080 persuasum
1661 5008 1813 5094 {uisseaui-

167 5130 311 5199 lineumque
323 5137 408 5196 operte
426 5131 520 5177 nostra
532 5119 677 5175 marstem
688 5114 816 5182 recepturi
838 5114 860 5167 sl
882 5121 969 5191 noster
1019 5107 1212 5163 mocioertimus.
1236 5103 1373 5174 Reliquum
1393 5111 1430 5156 est
1449 5110 1477 5154 ut
1500 5099 1625 5154 nonnullo
1647 5099 1763 5154 iicorrrus
1782 5100 1816 5153 cie

168 5223 212 5278 lule
235 5226 343 5275 conatus
365 5213 489 5270 Ecclesia
501 5214 625 5287 pmcuerit
637 5220 662 5267 et
681 5209 767 5265 ortlini
786 5208 967 5261 litteratorum.
1020 5214 1089 5253 anno
1102 5213 1152 5268 4⁸⁰
1163 5197 1280 5251 {Milli
1293 5201 1363 5248 witi·
1380 5193 1445 5259 ΟΜ
1455 5190 1600 5262 “filiiflii‘’
1617 5199 1681 5246 ‘⁸⁸⁶‘
1700 5193 1815 5263 Pi⁰i⁶⁶i⁰

170 5312 291 5370 mmm
302 5312 389 5383 qam
398 5307 600 5364 ‘mmmmm
614 5306 727 5362 „prorum
740 5302 863 5358 appone,
875 5307 966 5354 com.
1021 5288 1141 5355 inutilis,
1158 5302 1217 5342 cuns
1227 5285 1341 5341 babitans
1352 5283 1517 5338 collationem
1533 5291 1628 5338 constet
1642 5299 1709 5337 anno
1719 5287 1762 5353 qui
1773 5297 1815 5336 se·

170 5405 252 5463 limus
266 5401 518 5472 cumeoipsoseteri
531 5400 673 5470 sumpturi
694 5412 745 5468 quo
766 5395 808 5450 illi
826 5393 867 5449 usi
889 5400 965 5458 sunt,
1021 5395 1095 5441 cutus
1118 5392 1156 5438 est
1173 5387 1231 5454 post
1256 5378 1418 5434 consulatum
1444 5374 1570 5443 b'oranis,
1594 5376 1646 5430 nisi
1660 5376 1697 5429 uir
1716 5391 1816 5430 surrrnre

170 5496 242 5572 quoti
256 5509 325 5551 nunc
342 5503 460 5551 censetur
472 5495 500 5548 ln
519 5490 719 5564 locupletissimo
740 5487 891 5545 bibliorlreca
909 5481 970 5540 Gol-
1022 5479 1114 5535 doctus
1127 5477 1249 5549 nobisque
1261 5488 1401 5544 numquam
1422 5471 1479 5527 sine
1492 5469 1570 5526 loule
1583 5469 1756 5525 nominandus
1768 5468 1817 5523 lo·

172 5592 293 5659 bertino,
309 5590 374 5645 tanti
388 5589 494 5661 plurimi
514 5587 695 5643 aestimantium
708 5583 778 5654 quoi
800 5580 874 5639 aliuti
897 5577 971 5634 ullibi
1022 5572 1101 5629 cobus
1114 5569 1270 5628 Sirnsoncius
1283 5582 1340 5621 earn
1354 5564 1482 5636 rejecisset
1494 5563 1521 5617 in
1536 5561 1748 5617 nrrrrurnuiterum
1761 5571 1817 5624 post

171 5695 275 5742 metare
287 5685 410 5740 bactenus
424 5692 462 5738 est
474 5681 671 5751 incompertum.
685 5675 797 5731 'Danae
809 5683 895 5730 erratu
907 5685 971 5743 quo-
1024 5667 1187 5722 consulatum
1214 5660 1340 5727 laconis,
1355 5659 1383 5714 iri
1395 5669 1433 5714 est
1447 5659 1475 5712 in
1486 5673 1583 5712 annum
1600 5653 1819 5722 quoririnqentrsi·

171 5797 221 5858 que
233 5780 328 5840 umeris
342 5777 459 5843 librarii,
475 5788 532 5844 qua
543 5770 684 5828 atintotiuns
697 5769 780 5828 multu
793 5778 871 5837 sunt,
884 5773 972 5825 sanu-
1025 5773 1097 5815 ntum
1111 5755 1305 5822 duodecimum,
1326 5766 1356 5807 co
1374 5751 1402 5806 in
1421 5749 1511 5822 primis
1530 5751 1679 5817 arqnmento
1692 5743 1760 5815 quoti
1776 5747 1816 5805 t'tt·

1535 5838 1575 5902 39
