4142 6175
157 284 196 341 ut
590 280 817 341 disserturum
841 282 873 352 ll,
897 277 1155 341 aususausus
1179 277 1361 337 oucuttms.
1773 282 1809 342 98

158 396 344 454 recensuisset
359 403 473 452 tractatu
487 397 604 469 septimo
617 409 645 454 et
657 407 774 467 oetaro,
797 399 844 456 sed
868 398 935 455 duas
949 441 958 468 ,
973 400 1182 468 Arepresentat
1193 411 1225 453 ae
1239 397 1378 467 exprimit,
1394 403 1436 452 est
1450 394 1543 468 lntnpo
1555 396 1641 468 pertire
1652 393 1676 449 F
1677 396 1742 452 ilius
1757 437 1765 460 ,
1780 406 1811 452 nt

156 492 273 546 aiteram
287 489 380 560 quain
396 488 483 544 Patris
497 490 662 545 couscientia
678 491 782 548 velatus
795 490 957 558 latoit‚alte·
1010 489 1040 545 S.
1049 489 1163 544 Basilius
1172 488 1387 559 loquitnrlibron
1396 495 1489 544 eornm
1499 487 1629 561 [ortatu]
1638 488 1809 555 brunomium,

155 563 283 654 ram’qua
300 579 400 652 prodiit
414 581 441 636 in
455 581 563 638 creandi
578 582 653 639 orbis
667 584 827 652 eortsilium,
852 583 886 639 de
905 600 957 654 qim
1009 595 1057 636 sen
1070 579 1241 653 luinqonoto,
1251 580 1496 651 utaittlngustinns
1508 580 1603 637 liban
1620 579 1655 636 de
1665 579 1808 646 Trinitate,

156 693 213 733 oua
237 675 364 733 Petarius
387 660 574 734 diibeultatem
598 679 711 751 ingerit,
737 696 787 737 nee
811 681 958 738 secumdam
1010 687 1071 743 cil)-
1086 673 1113 727 7·
1127 673 1184 728 ¹¹⁰⁰
1198 673 1307 729 blssdeffl
1319 671 1451 741 Verbum,
1463 686 1517 744 lll⁰
1532 670 1613 728 pilei
1626 671 1694 726 ‘¹3¹3‘
1707 672 1809 740 omnia,

157 773 305 842 utrobique
329 771 467 842 posuisset
481 771 565 840 iilam,
580 789 631 844 qua
647 773 674 829 in
689 781 813 846 tempore
824 773 859 830 de
871 783 960 832 matre
1009 768 1102 823 omnia
1117 767 1218 837 pariter
1230 764 1350 839 perieete
1363 775 1540 838 representat
1554 808 1561 834 ,
1584 779 1617 821 ae
1630 765 1743 836 proinde
1758 765 1810 823 lios

157 864 269 935 genitos
290 861 349 918 iant.
372 863 439 919 Corn
464 862 552 934 itaque
578 874 692 936 utroque
705 865 733 920 in
749 874 863 924 tractatu
878 882 959 924 onam
1011 860 1130 918 Verbum
1159 870 1200 917 est
1225 860 1334 932 brinago,
1359 870 1386 916 et
1408 862 1465 915 laser
1488 859 1579 930 lmago
1600 868 1642 917 est
1668 858 1807 927 Verbum,

158 963 265 1012 baumer
276 954 337 1010 Filii
352 956 520 1012 nativitatem
535 971 569 1012 et
584 956 663 1014 Patre
675 999 683 1027 ,
697 958 811 1015 alteram
825 976 857 1016 er
873 970 960 1017 matre
1012 963 1155 1025 utromque
1168 963 1258 1009 autem
1273 952 1385 1009 liliosa
1400 952 1479 1009 Putre
1490 953 1598 1023 genitus
1612 961 1663 1009 est.
1791 1015 1793 1020 ,

157 1057 318 1105 constanter
331 1046 492 1114 recenseam
514 1047 583 1105 duas
606 1050 727 1121 eiusdem
748 1068 782 1107 ex
794 1052 876 1111 Patre
892 1055 962 1111 rrnti·
1048 1047 1096 1105 llis
1113 1046 1261 1118 praemissis
1274 1046 1338 1102 illud
1351 1046 1401 1103 bae
1412 1061 1494 1117 super
1506 1046 1631 1117 requeri
1640 1046 1696 1116 jam
1710 1055 1812 1118 potest,

157 1141 260 1198 ritates
283 1142 414 1197 basternas
435 1140 585 1212 descriptas
610 1159 665 1198 non
689 1146 782 1210 novit,
811 1139 859 1203 s‘ed
887 1149 960 1205 ilion
1014 1148 1105 1197 utrum
1118 1141 1162 1197 ltie
1176 1139 1260 1196 Filius
1274 1139 1310 1194 sit
1319 1137 1438 1195 Verbum
1454 1137 1560 1207 Patris,
1575 1147 1708 1210 quatenus
1722 1135 1813 1193 diuina

158 1217 243 1288 uriam
255 1233 477 1303 tantumprimem
489 1234 566 1289 abeo
578 1236 741 1307 appellatam
756 1237 863 1295 uidetur
874 1255 958 1312 agno-
1013 1234 1103 1291 omnia
1119 1234 1187 1289 ineo
1200 1232 1357 1298 dictasunt,
1372 1248 1406 1286 ao
1417 1232 1498 1287 etiarn
1509 1242 1643 1302 qnatenus
1657 1230 1684 1287 iu
1699 1231 1813 1287 eodieta

158 1324 249 1390 mssa,
266 1339 317 1396 qua
334 1326 359 1379 itt
374 1324 591 1383 eondeadiorbis
617 1328 840 1387 deliberationem
863 1348 895 1388 er
914 1348 963 1391 ore
1013 1333 1077 1381 sunt
1095 1339 1156 1395 quae
1169 1322 1285 1379 creanda
1306 1321 1382 1379 inere
1409 1317 1492 1395 (qood
1510 1321 1598 1395 ipsum
1614 1322 1647 1377 ad
1661 1320 1759 1378 Filium
1776 1321 1814 1378 oti

157 1415 250 1472 Patris
266 1416 401 1485 prodiisse
417 1459 425 1479 ,
450 1426 478 1473 et
489 1433 505 1474 e
518 1418 629 1489 regione
642 1421 733 1477 cordis
753 1434 890 1480 eructatus
905 1434 961 1481 tra·
1013 1418 1160 1491 imaginem
1181 1418 1272 1475 diuina
1294 1427 1322 1474 et
1340 1417 1456 1473 creanda
1471 1424 1713 1486 representantem
1725 1423 1815 1471 trans·

159 1510 246 1566 ditor.
262 1509 326 1567 llaee
334 1510 386 1566 etsi
400 1522 494 1568 eontra
509 1511 646 1570 Zenonem
668 1515 803 1572 modicum
817 1519 859 1574 uel
875 1520 963 1591 potins
1015 1512 1079 1570 lerri
1092 1512 1193 1585 potest)
1205 1512 1250 1568 nbi
1260 1515 1282 1568 si
1297 1510 1464 1582 possibilium
1474 1510 1640 1567 mentionem
1651 1511 1812 1576 omittimus,

158 1601 279 1658 nibilum
290 1602 406 1668 ualeant,
422 1605 521 1675 quippe
534 1620 636 1677 qnaeex
646 1607 708 1663 aliis
717 1608 838 1679 ejusdem
850 1622 962 1668 seuten-
1015 1620 1095 1660 bento
1106 1613 1282 1670 sttceeasew
1297 1618 1360 1658 bam
1371 1611 1551 1674 ltraelertlbtm
1565 1601 1637 1672 ettad
1651 1599 1685 1657 de
1699 1601 1815 1673 possibi-

161 1696 209 1750 tiis
234 1695 402 1753 nativitatem
425 1696 526 1753 Christi
550 1707 678 1757 aeternnm
704 1716 736 1758 ae
760 1701 786 1757 in
801 1703 862 1759 sinu
876 1702 965 1762 Patris
1019 1695 1090 1752 libus
1103 1696 1153 1753 SS.
1174 1695 1267 1751 Patres
1288 1696 1418 1751 aduersos
1432 1694 1547 1750 arianos
1567 1693 1738 1764 disputantes
1757 1706 1811 1749 nen

160 1789 283 1845 abditam
296 1773 399 1846 diserte
419 1791 600 1848 statuentibus
618 1793 684 1850 satis
704 1810 838 1869 superque
858 1797 1002 1869 dilston-B
1019 1791 1054 1846 ita
1070 1790 1170 1847 diserte
1185 1804 1216 1843 ae
1229 1788 1357 1844 distinete
1372 1787 1453 1843 loettti
1469 1787 1654 1854 inueniuntur,
1670 1787 1709 1842 uti
1724 1785 1813 1841 dedi·

161 1891 229 1949 tur;
255 1894 347 1939 tamen
363 1898 398 1939 ne
410 1883 437 1939 in
452 1900 508 1940 rem
523 1893 643 1942 nostram
659 1886 805 1959 quidquam
821 1888 912 1957 (leste,
928 1890 962 1947 aa
1016 1881 1088 1936 riuis
1099 1889 1181 1952 atque
1198 1880 1316 1945 eruatis3
1330 1893 1392 1935 euin
1411 1878 1548 1947 possibilia
1563 1880 1671 1950 cognita
1685 1878 1812 1950 dietaque

161 1976 246 2031 aliam
261 1976 320 2048 eius
331 1977 477 2035 locutionis
490 1980 656 2048 explicandae
667 1982 811 2052 rationem,
822 1999 882 2056 qoee
894 1985 964 2043 nane
1017 1975 1171 2032 necessario
1187 1974 1286 2031 luerim
1299 1989 1333 2030 ex
1345 1973 1413 2045 ipsis
1423 1973 1561 2062 attributis
1573 1971 1690 2037 divinis,
1706 1973 1815 2043 cognita

160 2071 281 2140 primam
295 2084 349 2126 non
364 2069 486 2127 destruet
499 2071 609 2143 quidem
626 2115 634 2140 ,
660 2074 707 2130 sed
734 2077 824 2146 portus
842 2086 963 2146 statuet,
1017 2073 1045 2122 et
1059 2066 1131 2121 dieta
1150 2066 1177 2120 in
1192 2065 1383 2121 attributorum
1398 2065 1551 2119 diuinorum
1568 2063 1701 2119 rationem
1715 2064 1818 2134 aliqna-

162 2160 383 2231 loeolerniosqne
393 2162 547 2233 explicabit,
565 2165 781 2237 progrediamur,
795 2167 867 2224 unde
877 2169 966 2225 omnis
1019 2170 1096 2217 mous
1109 2162 1259 2231 computari
1270 2166 1384 2230 queunt.
1397 2159 1435 2215 be
1448 2157 1516 2214 mtto
1527 2158 1628 2228 itaque,
1642 2155 1684 2212 uti
1697 2155 1818 2213 Verbum

162 2251 314 2309 difficultas
328 2254 409 2326 plane
423 2255 583 2330 disjicietur.
655 2287 659 2292 -
1018 2264 1079 2323 est,
1103 2255 1210 2326 reponit
1233 2255 1401 2344 drogustinus
1421 2252 1449 2308 io
1473 2252 1542 2307 libro
1564 2250 1750 2320 Quaestionum
1771 2249 1818 2319 85,

1020 2358 1117 2420 quaest.
1144 2348 1199 2414 63,
1214 2348 1305 2403 onmia
1320 2349 1346 2403 in
1372 2344 1462 2403 Verbo
1475 2346 1527 2401 diei
1540 2344 1668 2402 debuisse
1681 2359 1697 2400 a
1719 2344 1818 2412 Patre,

1020 2458 1074 2498 non
1092 2451 1146 2498 mm
1161 2458 1221 2514 quar
1240 2441 1328 2497 Patris
1348 2450 1412 2497 sont
1435 2455 1516 2510 quam
1533 2440 1640 2510 aquaead
1652 2454 1697 2496 res
1713 2448 1820 2496 erratas

1021 2535 1172 2605 pertinent3
1185 2533 1324 2591 etidcirco
1335 2532 1443 2606 quidem
1458 2531 1571 2588 Verbum
1581 2531 1711 2603 appellari
1724 2526 1821 2602 Filium

204 2624 279 2682 lnter
290 2626 382 2697 plures
409 2641 490 2684 voees
513 2628 611 2700 qntbos
625 2630 742 2688 secunda
756 2632 895 2690 Trinitatis
909 2650 969 2703 per·
1023 2628 1071 2683 1)θί
1090 2626 1201 2693 melius,
1219 2641 1301 2697 (luam
1321 2626 1448 2680 millium
1463 2623 1821 2695 10⁸¹²¹l¹fn¹⁸⁸⁸5ddffii²fflb

166 2732 236 2773 sona
258 2732 293 2774 ex
317 2733 454 2775 sacrarum
469 2718 632 2777 Litterarum
655 2724 817 2781 auctoritate
835 2726 971 2798 praeeipoo
1022 2720 1127 2791 inquit,
1151 2733 1202 2773 aaa
1225 2718 1308 2773 aelam
1328 2716 1363 2771 ad
1383 2715 1492 2771 Patrem
1512 2712 1823 2785 tenerescentium

168 2811 284 2866 nomine
298 2812 476 2883 appellatura
490 2811 633 2882 Patribus,
650 2822 705 2873 tres
719 2816 772 2872 itte
784 2824 889 2872 tantum
907 2826 972 2873 suot
1023 2814 1100 2870 etium
1113 2828 1171 2883 qne
1187 2828 1233 2883 per
1250 2809 1361 2865 Verbum
1378 2812 1448 2881 sueta
1460 2818 1531 2876 runt,
1546 2808 1676 2878 operatior
1688 2807 1821 2878 potentin:

169 2903 295 2974 ejusdem
308 2917 432 2976 personae
444 2905 480 2961 ita
491 2906 606 2978 proprie
620 2916 649 2963 et
660 2908 810 2980 singulares
824 2952 832 2976 ,
848 2918 878 2964 ot
894 2910 971 2966 alteri
1022 2908 1091 2962 ratio
1104 2915 1209 2971 entem,
1226 2903 1272 2960 etri
1285 2903 1351 2959 nibil
1372 2919 1417 2975 per
1429 2901 1503 2957 illurn
1515 2902 1589 2974 sunt,
1604 2899 1749 2955 resturatio
1759 2898 1825 2954 dici·

170 3012 203 3052 ιι
220 2995 320 3052 diuinis
333 2998 456 3068 persoms
469 3013 523 3055 non
538 3000 716 3068 corrueniant,
732 3002 859 3059 nimirum
873 3002 971 3070 Filius,
1025 3009 1077 3054 rur.
1092 2997 1161 3054 Nllril
1174 2996 1257 3069 igitur
1270 3003 1331 3061 est,
1346 2994 1417 3066 qnod
1432 2993 1512 3049 Pater
1523 2994 1550 3048 in
1565 2991 1635 3048 Filio
1648 3007 1701 3048 noti
1712 2991 1822 3060 dixerit,

174 3086 302 3156 Verbera,
313 3086 415 3164 lotape,
429 3100 458 3148 ut
469 3092 570 3148 diserte
582 3094 677 3149 statuit
690 3096 855 3167 bogtrstinus
881 3097 928 3153 lib.
956 3113 973 3151 r
1026 3097 1084 3149 sire
1097 3094 1132 3149 ad
1150 3093 1295 3149 essentiam
1311 3105 1344 3147 ao
1356 3090 1485 3147 attributa
1506 3089 1686 3159 nationesque
1699 3086 1767 3143 alias
1785 3083 1826 3142 di-

170 3183 209 3239 de
222 3183 367 3250 Trinitate,
395 3200 470 3242 num.
487 3185 539 3254 ΙΙ,
557 3198 585 3242 et
599 3187 647 3243 lib.
663 3204 711 3255 uri,
727 3205 802 3244 num.
821 3191 834 3245 l
856 3198 883 3246 et
896 3205 972 3262 seqq.
988 3205 1011 3270 C
1026 3189 1104 3244 ninas
1117 3228 1125 3253 ,
1140 3186 1197 3242 sire
1211 3184 1244 3241 ad
1262 3197 1307 3239 res
1328 3181 1460 3239 creandas
1477 3188 1581 3253 spectet
1604 3197 1611 3233 ε
1630 3194 1710 3236 secus
1723 3178 1746 3235 si
1760 3177 1826 3250 qnid

173 3278 214 3333 be
227 3275 293 3332 Filii
306 3277 417 3334 nomine
429 3289 520 3350 aperta
537 3295 582 3336 res
593 3290 635 3335 est
648 3323 655 3348 ‚
670 3281 771 3353 qnippe
783 3282 870 3338 Filius
882 3283 975 3340 relati-
1027 3297 1081 3338 non
1098 3278 1212 3337 dixisset
1226 3278 1253 3334 iu
1268 3276 1356 3344 Filio,
1372 3274 1444 3331 aliud
1461 3274 1580 3332 Verbum
1594 3290 1609 3330 a
1628 3272 1698 3330 l'ilio
1711 3273 1826 3330 distine-

172 3385 227 3425 rus
237 3378 283 3426 est
302 3371 436 3427 terminus
448 3371 574 3437 secunde
587 3387 713 3444 personae
727 3374 763 3429 ita
778 3374 921 3446 proprios,
947 3377 980 3431 ut'
1026 3383 1082 3430 tum
1099 3373 1238 3446 genuisset
1258 3371 1353 3437 Peter,
1374 3374 1400 3426 in
1416 3387 1471 3442 quo
1485 3386 1537 3437 ea,
1561 3370 1662 3442 quein
1684 3369 1753 3425 uitio
1773 3385 1828 3426 noo

172 3464 293 3520 aliarum
307 3463 408 3523 bertuini
420 3473 561 3536 eetigruat.
585 3466 614 3522 ld
632 3466 720 3537 ipsum
745 3477 835 3543 autern
850 3468 884 3525 de
900 3468 977 3526 Verbi
1027 3471 1105 3535 dixit,
1119 3472 1291 3536 dicereotor3
1307 3477 1335 3525 et
1349 3469 1386 3524 ita
1398 3468 1480 3524 allum
1497 3467 1595 3523 Filium
1607 3465 1758 3535 habuisset,
1773 3482 1827 3522 non

173 3568 203 3615 et
217 3555 347 3629 lmoqirria
359 3558 540 3630 appellatione
553 3560 723 3618 sentiendum
740 3562 827 3631 palam
841 3577 875 3618 er
889 3577 923 3620 eo
935 3561 975 3630 m,
1028 3565 1136 3621 uuieom
1145 3583 1152 3630 ;
1161 3564 1221 3633 quio
1230 3564 1341 3618 rirnnlta
1351 3562 1437 3625 aerbo,
1454 3561 1527 3615 multi
1541 3571 1563 3615 et
1578 3558 1653 3623 Filii,
1666 3560 1753 3632 iuquit
1762 3558 1829 3615 urn-

174 3652 251 3721 qood
280 3667 333 3708 nuri
350 3652 438 3708 atinus
455 3652 540 3709 Filius
550 3656 680 3711 terminus
693 3657 728 3711 sit
744 3657 871 3713 relations
895 3673 976 3729 qtram
1027 3657 1136 3713 brosius
1145 3656 1180 3713 de
1191 3656 1379 3712 lueamatiooe
1392 3655 1508 3719 Dasmini,
1522 3669 1582 3726 cap.
1598 3653 1626 3708 Ι.
1639 3652 1725 3709 Porro
1735 3654 1786 3711 etsi
1802 3656 1829 3711 io

177 3742 290 3817 image,
307 3759 387 3815 quam
406 3743 525 3800 Verbum.
547 3745 613 3801 Nom
634 3745 742 3802 Verbum
756 3764 807 3804 narr
819 3748 853 3803 ud
867 3765 894 3804 re
914 3749 979 3804 diei·
1028 3751 1181 3808 eternitate
1196 3749 1261 3805 nibil
1276 3750 1310 3804 sit
1333 3749 1408 3821 prius
1419 3762 1450 3804 ae
1466 3748 1616 3818 posterius,
1633 3762 1715 3819 porro
1728 3757 1829 3805 nostre

178 3848 235 3901 tur,
248 3838 287 3893 ait
299 3839 464 3909 Augustinus
479 3838 526 3894 lib.
540 3854 578 3894 stt
596 3838 630 3896 de
640 3838 783 3908 ieiunitate,
799 3857 873 3897 tuoto.
890 3841 918 3908 5,
934 3840 979 3897 aed
1031 3855 1121 3901 tameo
1146 3843 1246 3900 utentis
1266 3843 1444 3914 intelligentia
1462 3843 1536 3914 prins
1550 3839 1677 3913 quiddam
1693 3852 1722 3899 et
1738 3854 1829 3914 poste·

179 3929 980 4009 wilmsemitriticum·ctt'lbl'irbtddeiiielsidlili·
1030 3941 1088 3997 rius
1115 3939 1322 4011 eorseipiendom
1351 3948 1404 3997 est.
1434 3940 1512 3995 Prius
1543 3938 1616 3995 enim
1643 3955 1725 4011 qoam
1750 3938 1831 3995 Pater

179 4033 224 4081 let
236 4023 272 4080 tle
286 4022 403 4096 libidine
419 4023 533 4096 ldildedi
548 4023 664 4080 Hilariis
687 4026 713 4080 5¹¹
737 4025 784 4081 lib·
797 4025 831 4081 de
850 4025 978 4098 Sinfflfib
1030 4034 1163 4092 creandas
1178 4048 1222 4090 res
1244 4034 1271 4091 in
1286 4033 1356 4090 Filio
1377 4033 1498 4100 diceret,
1513 4049 1573 4104 qne
1593 4048 1607 4085 a
1629 4041 1684 4087 tom
1697 4031 1832 4093 Trinitate

180 4134 258 4174 nont.
274 4117 327 4174 ld:
353 4115 444 4190 Neque
455 4105 524 4174 eninr
542 4118 596 4190 ipse
606 4117 655 4173 ribi
672 4120 808 4191 quisquam
821 4121 906 4193 irrroqo
922 4131 980 4185 est,
1032 4125 1118 4181 libero
1139 4126 1250 4182 decreto
1266 4127 1421 4181 constituite
1441 4122 1570 4188 luerunt,
1584 4122 1778 4193 conuipieodns
1790 4131 1834 4178 est

179 4212 229 4265 sed
238 4226 308 4277 ειιιιι,
320 4214 395 4285 cujus
405 4212 557 4284 inruperat,
580 4226 681 4268 ramesse
693 4221 729 4268 eat
741 4222 768 4267 ut
778 4214 863 4286 irrroqo
877 4213 982 4268 tlrmon·
1033 4218 1113 4274 Pater
1124 4218 1251 4290 genuisse
1260 4217 1392 4286 Verbum,
1406 4216 1478 4285 qood
1491 4231 1552 4273 eum
1569 4217 1679 4288 gennit,
1696 4215 1764 4271 dixit
1774 4231 1834 4271 otn-

181 4312 256 4358 stret.
281 4302 345 4359 'iria
358 4303 416 4359 baee
428 4314 519 4359 autem
533 4304 642 4360 uomina
654 4346 663 4373 ,
676 4304 773 4377 quibus
785 4305 903 4361 mutanda
920 4306 984 4362 Per·
1034 4310 1079 4366 tria
1091 4309 1203 4378 diuina,
1225 4326 1259 4368 ae
1276 4310 1367 4366 diuina
1384 4311 1474 4366 omnia
1494 4310 1700 4382 representavit
1716 4324 1722 4362 :
1738 4317 1768 4364 et
1782 4307 1834 4365 lme

181 4410 252 4451 sona
264 4396 440 4466 signibeamr,
454 4413 483 4453 re
497 4413 580 4453 utrum
596 4397 722 4472 idemque
736 4407 809 4468 sont,
826 4414 879 4456 non
894 4400 982 4456 solum
1034 4402 1118 4476 priori
1130 4402 1242 4458 rationis
1254 4401 1333 4474 siguo
1345 4402 1445 4468 Filios,
1457 4402 1558 4471 lunago,
1570 4410 1598 4456 et
1612 4399 1730 4457 Verbum
1745 4399 1833 4456 Patris

182 4489 256 4559 qood
270 4505 341 4544 unus
355 4489 479 4561 idemque
489 4499 531 4547 est
544 4491 600 4559 ille,
616 4492 663 4564 qui
676 4493 762 4548 tribus
776 4492 850 4550 ltisee
869 4493 985 4550 nomim-
1036 4506 1115 4552 natus
1126 4510 1191 4552 rere
1209 4493 1270 4563 ioit,
1285 4503 1312 4550 at
1325 4493 1352 4549 io
1367 4510 1418 4549 ono
1432 4493 1520 4550 Patris
1534 4492 1700 4548 conscientia
1713 4492 1828 4559 latebat,

184 4582 237 4638 bur
251 4583 421 4653 appellatur,
446 4585 493 4640 sed
516 4585 597 4641 etiam
619 4584 691 4657 qnod
711 4584 829 4642 seeundo
844 4585 983 4642 Trinitatis
995 4592 1023 4653 D
1035 4590 1106 4662 qood
1126 4587 1193 4644 nibil
1205 4588 1274 4644 ioris
1286 4586 1435 4644 creandum
1449 4595 1675 4659 repraesentaret,
1693 4603 1744 4649 nee
1761 4588 1834 4646 diee-

185 4676 305 4733 Persoaa
319 4676 419 4736 idcireo
432 4687 474 4735 est
488 4677 578 4735 Patris
592 4678 687 4746 Filius,
701 4680 763 4751 quoia
779 4680 869 4752 lmago
880 4691 908 4736 et
916 4680 985 4737 Ver·
1037 4691 1089 4737 ret.
1106 4680 1201 4736 Postea
1214 4694 1280 4736 vero
1293 4685 1323 4734 ut
1335 4678 1444 4735 creandi
1458 4678 1533 4734 orbis
1547 4677 1688 4736 decretum
1705 4678 1833 4747 serretur,

186 4767 251 4823 bom
265 4778 308 4824 est
323 4768 427 4837 Patris;
439 4769 502 4827 ideo
515 4770 616 4844 Imago,
630 4772 692 4842 quia
704 4771 822 4829 Verbum
840 4782 867 4829 et
881 4770 984 4840 Filius;
1037 4776 1105 4832 dixit
1124 4774 1204 4831 Peter
1216 4789 1277 4844 quar
1288 4771 1375 4829 creari
1389 4771 1513 4840 uolebat,
1529 4781 1557 4827 et
1570 4783 1626 4827 tum
1639 4788 1655 4828 e
1671 4782 1794 4844 paterno,
1809 4774 1837 4830 in

188 4861 251 4918 ideo
276 4861 384 4920 tetidem
400 4863 538 4930 Verbum,
560 4866 622 4937 quia
646 4865 730 4923 Filius
753 4876 780 4925 et
795 4867 885 4940 lruago
899 4867 988 4924 Patris
1039 4885 1094 4941 quo
1107 4868 1282 4926 delitescebat
1296 4867 1368 4932 sirm,
1389 4865 1511 4939 prodivit
1526 4864 1643 4922 Verbum
1656 4865 1775 4923 creanda
1797 4866 1839 4921 di·

191 4962 250 5009 est:
266 4970 354 5026 raeque
367 4956 440 5012 enim
460 4955 533 5011 aliud
547 4955 627 5014 Pater
638 4958 748 5031 gennit,
762 4975 823 5016 eum
837 4961 930 5033 genuit
944 4960 988 5016 Fi·
1040 4970 1200 5033 censetque
1215 4960 1379 5032 respiciens,
1397 4959 1424 5014 io
1437 4975 1491 5030 quo
1505 4959 1594 5016 ontnia
1606 4960 1723 5017 creanda
1736 4976 1837 5032 reprae-

195 5045 272 5113 lium,
288 5063 368 5119 qnam
383 5049 434 5105 boe
449 5048 579 5117 Verbum,
592 5050 663 5107 bane
677 5050 822 5123 Imaginem
837 5054 941 5126 genuit,
962 5063 990 5109 ot
1044 5052 1228 5110 sentabantur.
1252 5050 1319 5107 illud
1334 5051 1410 5124 prius
1430 5051 1481 5107 iuit
1500 5050 1617 5109 Verbum
1638 5054 1726 5110 Patris
1747 5064 1838 5112 natum
1890 5085 1892 5088 ⁴

196 5142 311 5215 proinde
328 5159 382 5199 non
405 5142 495 5200 minus
515 5144 584 5201 Filio
615 5161 694 5217 quarn
716 5145 807 5203 Verbo
820 5155 862 5204 ,et
879 5148 991 5220 imagini
1024 5144 1094 5201 ·soli
1115 5144 1191 5211 beo,
1207 5142 1279 5199 istud
1304 5143 1439 5215 posterius
1452 5144 1501 5200 init
1521 5144 1585 5203 item
1600 5145 1689 5202 Patris
1701 5146 1839 5215 Verbum,

195 5237 320 5293 nativitas
338 5236 482 5294 tribuatur.
512 5238 596 5294 Porro
619 5236 736 5296 Verbum
762 5238 861 5296 dieitur
883 5239 988 5308 Filios,
1043 5237 1092 5296 sed
1109 5237 1374 5310 genitum,quodarn
1389 5237 1470 5295 modo
1488 5238 1587 5306 nobis,
1604 5248 1633 5296 ut
1644 5239 1768 5312 Gregorii
1782 5242 1842 5297 lle·

195 5336 328 5398 quatenos
341 5328 420 5385 Pater
434 5330 460 5383 io
474 5344 507 5386 eo
518 5329 652 5400 gignendo
664 5329 733 5386 dixit
746 5331 837 5386 omnia
854 5349 862 5387 :
886 5342 914 5390 et
938 5331 990 5389 boe
1043 5332 1091 5390 tici
1104 5332 1219 5389 iormula
1233 5332 1247 5405 5
1260 5334 1278 5390 5
1292 5331 1403 5388 recitata
1416 5342 1533 5389 ummur.
1546 5334 1612 5389 Cum
1625 5351 1691 5390 vero
1704 5334 1755 5391 boe
1768 5336 1843 5406 prins

197 5417 326 5484 Verbum,
337 5419 409 5491 qnod
422 5420 501 5487 dixit,
515 5434 576 5476 euin
591 5420 659 5477 dixit
668 5422 768 5486 ootnia,
783 5431 826 5478 est
840 5421 991 5493 iileFilius,
1046 5441 1079 5482 ae
1093 5425 1242 5497 posterius,
1258 5424 1330 5497 quod
1346 5440 1396 5497 pro
1408 5436 1489 5498 captu
1505 5434 1600 5483 nostro
1613 5426 1712 5498 durities
1727 5428 1844 5485 diximus

194 5528 275 5583 quem
297 5514 400 5585 genulb
411 5513 512 5587 'Imago
534 5524 623 5572 autem
636 5514 725 5571 Patris
745 5514 815 5571 idem
831 5514 917 5571 Filius
930 5524 971 5572 est
985 5532 1004 5583 ,¹
1048 5519 1183 5587 Verbum,
1198 5520 1311 5575 alterum
1331 5518 1569 5586 divina,alterum
1587 5532 1678 5577 create
1694 5521 1844 5593 respiciens

194 5614 329 5678 qnatenus
344 5607 461 5678 perteen
475 5623 537 5663 eom
551 5607 736 5675 similitudine,
750 5622 811 5679 quse
825 5607 853 5663 io
865 5621 908 5664 res
918 5622 995 5665 erea-
1050 5610 1142 5684 (quam
1155 5611 1290 5682 duplicem
1306 5621 1444 5684 respectus
1457 5612 1660 5673 distinctionem
1679 5613 1845 5684 angustinus

197 5709 237 5754 tas
253 5716 308 5756 non
324 5693 418 5768 eadit,
433 5702 524 5758 omnia
536 5702 626 5760 Patris
645 5701 772 5772 exprimit
794 5716 826 5758 ae
843 5715 1002 5774 repraesen·⁴
1051 5720 1122 5761 noire
1135 5719 1221 5775 nuper
1236 5704 1362 5762 laudatus
1379 5703 1526 5787 suggessit)
1541 5707 1568 5763 io
1583 5707 1675 5763 diuino
1690 5706 1779 5773 liiiio,
1800 5706 1847 5776 qui

198 5800 256 5851 tat:
275 5801 304 5850 et
317 5793 376 5850 liare
392 5792 501 5867 ltongo,
517 5810 577 5867 quae
589 5794 657 5854 adeo
671 5793 789 5865 perieete
803 5793 893 5853 otortia
908 5793 998 5852 Petris
1051 5797 1267 5869 simplicissimos
1293 5805 1354 5865 est,
1380 5812 1433 5854 non
1458 5799 1494 5854 sit
1513 5797 1612 5870 duplex
1637 5797 1774 5868 Verbum,
1798 5796 1848 5857 sed

164 2389 189 2464 §-
201 2388 236 2448 V.
246 2421 285 2432 -
297 2390 398 2447 Eodem
409 2376 566 2452 Zenonique
579 2397 717 2455 locutionis
727 2401 904 2471 interpretatio
916 2404 968 2459 olio

257 2486 359 2542 ratione
370 2488 513 2560 explicetur
524 2492 647 2562 apertius,
661 2503 738 2565 etque
744 2498 878 2553 statuitur.
