4142 6175
168 284 238 343 tasi
368 264 373 269 ⁵
526 280 531 286 ’
596 281 761 341 ‘ceslii
778 276 1328 341 sellarioliscentutetrteilels.
1586 285 1616 297 ”
1744 289 1815 347 1558

201 394 267 453 bit.
287 393 445 450 Prosecutio
455 393 670 459 Donatistarum,
684 408 736 466 qua
751 393 865 464 principi
875 393 960 451 Coos·
975 397 1004 456 A
1050 394 1113 451 565.
1137 393 1281 452 Gestorum
1296 395 1420 453 recitatio
1441 410 1489 468 pro
1502 398 1594 456 Felice
1612 401 1658 472 ptri
1673 399 1812 460 Caeciliani

166 465 272 522 tantine
286 465 408 521 libellum
423 476 547 521 asserunt
563 466 688 590 prestitis
703 465 810 520 dedisse
826 464 962 534 nrajnros,
1014 464 1102 521 iuerat
1116 466 1264 522 ordinator.

158 544 194 593 'ct
207 552 241 591 co
278 537 410 608 rincipem
423 546 525 592 motum
538 552 604 607 agon
626 535 634 590 i
647 536 687 592 eis
696 535 804 592 dedisse
816 536 962 609 licentiam,
1050 533 1113 592 566.
1129 537 1304 594 interlocutio
1316 539 1428 611 exigens
1441 551 1470 597 ut
1482 540 1553 612 quod
1567 543 1688 615 partibus
1701 559 1813 618 compe-

167 616 196 664 ct
209 608 245 663 ibi
259 551 358 690 Felicis
370 606 545 680 Aptunpitani
561 607 680 678 episcopi
694 609 740 678 qui
752 606 890 663 Caeciliani
904 607 960 664 iue-
1015 605 1057 675 tit,
1071 607 1219 665 intimetur.

166 687 210 736 rat
224 679 374 745 ordinator,
389 693 470 735 caum
483 689 617 734 narratur.
1051 679 1114 736 567.
1140 680 1296 737 Prosecutio
1319 682 1519 740 Donatistarum
1541 692 1636 742 contra
1658 697 1733 756 gesta
1763 703 1813 759 pro

203 748 267 806 515.
287 747 463 805 interlocutio
476 751 587 821 erigens
600 759 630 805 ut
643 748 715 821 quoti
728 750 859 820 competit
873 749 963 805 Dona·
1015 750 1108 808 Felice
1119 751 1233 822 prolata.

169 820 253 885 listis,
267 819 493 876 documentorum
509 820 660 891 prolatione
675 829 853 876 monstretur.
1051 820 1116 878 568.
1140 822 1316 880 interlocutio
1328 866 1336 890 ,
1348 834 1442 895 gesta,
1462 842 1523 897 quse
1536 828 1673 883 roboravit
1696 829 1815 902 antiqui·

204 891 268 949 556.
288 890 386 948 bibeiii
406 891 529 948 recitatio
549 906 628 963 quem
647 890 826 948 Constantino
846 891 964 964 impera·
1015 899 1076 956 tas,
1092 895 1199 951 nonnisi
1213 895 1327 951 aliorum
1344 898 1495 968 prolatione
1514 907 1653 971 gestorum
1674 915 1754 971 posse
1769 918 1815 959 re·

168 964 220 1020 tori
235 962 370 1027 dederunt
383 961 430 1018 iiie
445 970 568 1032 tempore
582 963 738 1019 bonatista.
1015 963 1113 1020 scindi.

205 1033 271 1091 557.
289 1032 447 1089 Prosecutio
460 1033 682 1099 Catbniicorum,
697 1048 749 1104 qua
770 1042 898 1091 asserunt
916 1050 965 1106 pro
1052 1034 1115 1091 565.
1126 1036 1814 1114 ProsecutioCatitolicorum,sttiitcerecausaonuod

168 1122 200 1164 sc
219 1105 308 1160 iacere
326 1103 447 1160 libellum
461 1119 542 1175 quem
557 1105 739 1161 recitaverunt
754 1104 911 1160 Donatista.
1016 1105 1052 1161 ab
1063 1107 1128 1176 ipsis
1141 1116 1183 1162 est
1197 1111 1338 1165 recitatum
1354 1151 1361 1173 ,
1377 1122 1403 1167 ct
1423 1111 1445 1165 si
1465 1112 1602 1168 Caeciliani
1626 1115 1815 1185 purgationem

206 1176 269 1234 558.
289 1175 465 1231 interlocutio
477 1174 678 1232 Catlto'icntum
692 1174 764 1231 dicta
779 1178 964 1242 continuans,
1016 1176 1132 1247 ingentii
1148 1193 1262 1248 persona
1275 1180 1414 1249 rescindit,
1429 1181 1582 1238 Donatistae
1593 1183 1645 1238 itoc
1659 1186 1749 1255 potius
1762 1187 1813 1243 de-

168 1258 198 1305 ιι
211 1247 372 1315 rescriptum
385 1246 555 1302 Constantini
572 1249 731 1317 praecipiens
747 1247 866 1302 recitari.
1017 1246 1083 1304 bore
1097 1262 1257 1307 monstrare.
1611 1310 1614 1315 ,

205 1316 268 1374 ete.
290 1317 340 1373 Ubi
361 1319 491 1374 recitatur
510 1318 622 1388 epistola
642 1317 811 1374 Constantini
830 1316 864 1372 ad
889 1317 983 1373 rica·'
1054 1320 1117 1376 576.
1130 1320 1305 1378 {interlocutio
1318 1337 1378 1393 qua
1389 1322 1460 1378 istud
1474 1323 1687 1394 exigitrecitari.

168 1391 239 1445 rinna
254 1388 384 1446 verinum
399 1388 550 1458 destinata,
565 1404 620 1461 qua
633 1389 785 1446 libertatem
801 1388 898 1459 agendi
917 1390 966 1445 tri·
1000 1436 1003 1443 .
1054 1391 1117 1445 571.
1133 1392 1331 1447 Donatistarum
1345 1394 1500 1464 prosecutio
1514 1411 1566 1466 qua
1577 1396 1680 1461 dicunt,
1695 1412 1816 1467 praesen·

169 1461 227 1517 buit
238 1460 394 1516 Donatistis.
1019 1469 1072 1516 tcm
1096 1462 1213 1518 Felicem
1229 1463 1356 1519 debuisse
1377 1465 1506 1534 purgari,
1530 1474 1625 1537 etqua
1648 1470 1813 1539 requirnnt,

205 1532 269 1589 550.
290 1530 448 1587 Prosecutio
468 1530 668 1587 Catboiicnrum
690 1546 752 1601 oum
774 1529 840 1588 dicit
864 1545 914 1601 pro
936 1544 966 1586 se
1018 1539 1109 1587 utrum
1120 1533 1221 1603 alinttid
1231 1534 1301 1606 apud
1312 1534 1504 1605 imperatorem
1517 1534 1654 1608 ingentius
1666 1555 1715 1612 pro
1725 1540 1817 1597 Felice

169 1604 255 1674 magis
276 1602 418 1673 epistolam
444 1601 534 1658 iacere
555 1601 743 1667 Constantini,
766 1603 829 1672 qttia
853 1617 907 1658 non
930 1600 967 1657 de
1017 1604 1200 1667 responderit.

169 1674 316 1730 Caeciliano
342 1672 443 1745 aliquid
467 1673 616 1744 judicatum
647 1683 707 1741 est,
731 1673 779 1729 sed
804 1673 888 1729 lureri
914 1671 966 1744 ipsi
1054 1673 1118 1729 575.
1141 1675 1298 1732 Prosecutio
1311 1675 1514 1734 catholicorum
1535 1693 1588 1749 qua
1610 1679 1723 1747 dicunt,
1747 1697 1816 1753 quo·

170 1745 294 1816 permissi
308 1752 381 1801 sunt.
981 1743 1091 1846 Bniam
1105 1746 1194 1802 omnia
1210 1762 1258 1816 per
1272 1746 1394 1803 ordinem
1404 1750 1515 1805 recitata
1529 1760 1602 1818 sunt,
1614 1751 1715 1809 debere
1724 1753 1817 1825 cogni·

206 1815 269 1873 551.
291 1815 466 1874 interlocutio
483 1814 683 1872 catholicorum
702 1814 773 1870 dicta
788 1813 963 1870 confirmans.
1019 1824 1125 1884 torem,
1141 1817 1284 1874 summotis
1300 1820 1588 1890 tergiversationibus,
1609 1820 1682 1880 ierre
1705 1833 1817 1881 senten·

206 1887 270 1945 555.
292 1886 343 1945 ltbi
363 1886 509 1943 Donatistae
528 1895 623 1959 petunt
642 1895 670 1942 ut
684 1886 772 2014 ileum
786 1886 821 1943 de
835 1886 966 1956 permissa
1017 1887 1093 1943 tiam.

260 1958 311 2016 sibi
324 1973 340 2013 a
352 1957 532 2015 Constantino
544 1957 650 2013 arbitrii
663 1958 681 2012 li
719 1967 788 2012 rtate
799 1956 964 2026 pronuntiet.
1053 1959 1117 2016 ets.
1133 1959 1308 2015 interlocutio
1327 1961 1439 2032 erigetis
1450 1972 1481 2019 ut
1495 1973 1590 2022 corrtra
1600 1974 1698 2038 gesta,
1717 1967 1817 2037 quibus

223 2034 268 2087 55.
293 2028 468 2086 interlocutio
482 2030 660 2102 pronuntians
680 2028 752 2154 guod
777 2027 889 2097 potitum
905 2036 963 2097 est,
1016 2030 1157 2086 absolutus
1170 2040 1212 2086 est
1227 2029 1314 2098 Felix,
1330 2031 1431 2102 aliquid
1445 2035 1583 2090 recitetur.

169 2109 199 2157 et
210 2101 340 2157 adserens
354 2099 502 2171 principem
519 2102 668 2156 Hortarium
698 2099 892 2155 eabsolutione
904 2098 965 2154 Cae·
1053 2102 1117 2158 575.
1135 2101 1292 2158 Prosecutio
1305 2101 1518 2169 catholicorum,
1534 2106 1645 2177 majoris
1665 2122 1726 2164 esse
1739 2108 1816 2163 inno·

168 2171 260 2229 ciliani
270 2170 352 2229 hodie
365 2173 526 2243 precepisse
539 2170 665 2242 disquiri.
1016 2172 1113 2230 centias
1124 2172 1318 2228 documentum
1329 2175 1401 2244 quod
1416 2176 1514 2231 absens
1527 2189 1655 2248 purgatus
1668 2188 1710 2234 cst
1725 2178 1814 2236 Felix.

206 2242 269 2299 551.
292 2242 449 2299 Prosecutio
463 2242 665 2298 Donatistarum
681 2256 732 2312 qua
754 2241 966 2311 interpretantur
1053 2245 1117 2300 575.
1142 2243 1301 2299 Prosecutio
1316 2243 1535 2315 Donatistarum,
1556 2264 1609 2319 qua
1623 2264 1720 2306 omnes
1734 2253 1818 2307 totius

169 2311 232 2370 idco
245 2330 298 2370 non
314 2312 398 2369 rideri
410 2314 582 2369 (lucilianum
607 2312 691 2369 luisse
715 2322 878 2384 purgatum,
902 2312 965 2383 quia
1017 2314 1117 2384 negotii
1133 2314 1347 2383 recapitulantur
1357 2316 1479 2372 articulis
1491 2320 1662 2388 superiorum
1686 2336 1818 2390 prosecu-

168 2394 316 2441 rctractata
326 2398 408 2441 eausa
421 2382 520 2440 Felicis
535 2383 698 2440 ordinatoris
711 2383 853 2455 ejusdcm,
869 2383 967 2454 ingen·
1018 2386 1121 2442 tiotrum
1136 2384 1236 2440 diversi
1252 2384 1372 2439 tractati.
1627 2442 1631 2449 ,

170 2457 223 2512 tius
235 2456 344 2526 quidam
360 2455 393 2512 ad
408 2456 566 2512 comitatum
581 2462 733 2527 praeceptus
754 2463 797 2511 ιιι
809 2453 963 2520 destinari,
1053 2455 1116 2513 576.
1129 2454 1303 2511 interlocutio
1317 2454 1439 2510 absoluta
1452 2467 1480 2513 et
1490 2468 1649 2530 consumpta
1661 2462 1748 2529 repeti
1763 2476 1816 2518 non

168 2536 196 2583 ct
209 2526 276 2583 nibil
291 2535 381 2583 actum
394 2526 430 2583 ab
443 2525 566 2600 ingentio
579 2526 715 2598 reperitur
726 2540 780 2597 quo
795 2524 870 2582 Felix
885 2525 966 2582 abso·
1017 2526 1137 2591 debere,
1158 2541 1211 2597 pua
1226 2539 1320 2582 rursus
1335 2525 1450 2595 exigitur
1462 2540 1493 2585 ιι
1506 2538 1601 2587 corttra
1616 2531 1715 2589 Felicis
1734 2531 1817 2589 abso·

168 2597 241 2655 iulus
254 2613 316 2656 esse
328 2604 466 2654 noscatur.
1017 2596 1148 2654 iutinnern
1161 2595 1262 2667 alicuid
1276 2596 1415 2654 recitetur.
1776 2620 1778 2625 ·

203 2670 268 2727 555.
294 2668 452 2725 Ριιιιιιιίο
465 2668 667 2727 catholicorum
689 2684 741 2751 qua
754 2667 917 2740 promittunt
935 2681 966 2723 se
1053 2669 1117 2725 577.
1144 2668 1300 2723 Prosecutio
1314 2665 1535 2739 Catholicornm,
1556 2675 1697 2743 postulans
1711 2684 1740 2729 ιι
1751 2689 1818 2744 nuu-

169 2738 269 2795 AEliani
299 2740 468 2809 proconsulis
493 2741 606 2797 recitata
633 2740 765 2797 relatione
790 2747 965 2806 monstrare,
1017 2737 1394 2806 niamdiscussisomnibus‚
1417 2743 1554 2813 superflua
1568 2748 1818 2816 repetuntur,jant

168 2811 232 2881 quid
248 2826 330 2880 super
342 2810 440 2867 Felicis
455 2813 626 2868 absolutione
641 2811 723 2867 luerit
736 2812 886 2867 actitatum.
1017 2812 1151 2868 ιιιιιιιιιι
1167 2808 1331 2880 proseratur.

204 2881 268 2940 556.
287 2881 337 2939 Ubi
351 2882 498 2940 Donatistae
508 2883 678 2940 contendunt
691 2880 859 2938 Gottstantini
878 2881 967 2947 potius
1054 2880 1119 2939 578.
1139 2880 1314 2936 interlocutio
1326 2889 1421 2938 contra
1442 2884 1541 2942 Felicis
1554 2886 1753 2944 absolutionem
1771 2888 1820 2943 ali·

169 2951 273 3011 litteras
286 2953 457 3023 recitandas,
482 2953 580 3026 quibus
603 2955 695 3026 jussus
718 2961 761 3010 est
781 2952 919 3023 ingentius
932 2951 966 3007 ad
1017 2954 1082 3026 quid
1095 2951 1275 3008 recitandum.

168 3024 297 3097 palatium
311 3024 453 3082 destinari.
1054 3023 1119 3082 579.
1145 3023 1302 3080 Prosecutio
1316 3023 1518 3083 Donatistarum
1531 3027 1633 3086 debere
1645 3028 1765 3101 judicem
1785 3030 1820 3086 dc

205 3096 268 3156 557.
293 3096 472 3155 interlocutio
486 3112 548 3172 quae
564 3098 615 3155 boc
636 3097 728 3170 ponus
747 3095 872 3169 precipit
892 3094 966 3153 reci·
1019 3095 1140 3164 bisonas
1156 3095 1259 3166 prolata
1274 3103 1338 3151 sunt
1348 3095 1481 3166 iudicare.

170 3168 232 3225 tari.
982 3162 1005 3227 C
1057 3167 1120 3222 586.
1137 3166 1295 3223 Prosecutio
1310 3166 1514 3228 catholicorum
1527 3172 1537 3245 (
1549 3188 1601 3244 qua
1620 3174 1777 3245 postulant)
1791 3183 1821 3229 ut

205 3239 270 3298 558.
291 3239 343 3298 libi
357 3240 399 3297 be
412 3240 479 3312 ipsa
491 3240 591 3298 littere
604 3240 765 3298 recitantur.
1019 3238 1101 3295 etiam
1115 3247 1212 3293 catera
1226 3238 1385 3296 recitentur.

204 3310 269 3369 558.
284 3311 444 3370 Prosecutio
458 3312 669 3378 catholicorum,
684 3311 731 3368 ubi
744 3309 840 3367 dicunt
851 3308 966 3366 relatio·
1057 3306 1120 3365 581.
1146 3307 1342 3379 interlocutio,
1364 3311 1457 3368 omnia
1471 3311 1572 3372 debere
1589 3313 1719 3382 recitari,
1742 3321 1774 3370 ut
1786 3315 1821 3370 dc

171 3396 235 3439 aem
248 3381 349 3440 AEiiani
361 3383 528 3455 proconsulis
538 3383 714 3451 recitandam,
725 3397 778 3454 qua
787 3380 862 3439 Feiit
873 3388 968 3437 osten·
1019 3379 1147 3437 omnibus
1158 3379 1306 3448 iudicetur.

169 3453 243 3510 ditur
257 3456 405 3513 absolutus.
1057 3451 1121 3508 585.
1138 3450 1297 3507 Prosecutio
1311 3454 1509 3511 Donatistarum
1529 3456 1628 3514 siutiiis
1642 3455 1819 3528 praecedenti.

205 3523 271 3594 566,
288 3525 420 3584 Recitatio
435 3527 575 3586 relationis
590 3525 722 3599 ejusdem.
1057 3523 1121 3579 585.
1134 3519 1308 3579 interlocutio
1319 3525 1417 3582 similis
1430 3527 1606 3597 praecedenti.

205 3594 270 3653 561.
295 3597 546 3667 interlocutionum
560 3600 701 3671 deposcit,
726 3605 756 3654 ιι
769 3596 802 3653 ι5
816 3593 966 3667 pleniorem
1057 3592 1120 3650 585.
1142 3592 1300 3650 Prosecutio
1313 3596 1527 3666 Donatistarum,
1541 3613 1591 3669 pro
1603 3599 1716 3656 arbitrio
1736 3599 1821 3668 partis

171 3665 252 3724 iidem
275 3670 355 3727 etiam
378 3681 454 3742 aesta
477 3670 535 3742 ipsa
547 3672 645 3743 quibus
659 3669 734 3727 Felix
749 3677 878 3741 purgatus
903 3676 966 3734 est,
1018 3664 1141 3721 adversat
1156 3663 1282 3720 falsatum
1298 3682 1361 3725 esse
1374 3677 1404 3724 ιι
1415 3667 1585 3725 destructum
1598 3669 1755 3741 quidquida
1771 3686 1820 3725 sua

171 3737 330 3798 recitentur,
1019 3745 1098 3806 parte
1111 3734 1245 3804 prolatum
1258 3746 1311 3791 est.

205 3811 268 3867 565.
294 3810 346 3869 Dbi
361 3810 509 3867 Donatista
523 3809 691 3866 contendunt
713 3809 780 3867 iliud
793 3808 883 3879 potius
897 3806 969 3862 reci·
1056 3805 1120 3861 585.
1147 3805 1335 3870 interlocutio,
1358 3807 1383 3863 si
1395 3808 1460 3863 nilrii
1475 3818 1600 3880 superest
1612 3810 1684 3881 quod
1699 3810 1820 3883 legatur,
1868 3853 1872 3864 .

171 3880 295 3948 landum,
307 3883 330 3937 si
343 3891 391 3937 aut
403 3881 525 3937 directus
535 3891 598 3949 est,
616 3889 664 3936 aut
678 3880 780 3952 aliquid
791 3879 864 3951 apud
879 3878 966 3948 impe·
1019 3875 1120 3932 dcbere
1134 3885 1225 3946 partes
1238 3877 1324 3943 exire,
1340 3887 1369 3933 ut
1383 3879 1464 3936 scribi
1480 3882 1566 3951 possit
1579 3883 1658 3953 plena
1671 3883 1819 3938 sententia.

170 3961 291 4008 ratorem
305 3952 519 4023 epitinpentius.
1056 3946 1119 4003 586.
1145 3946 1322 4007 luteriocutio
1343 3964 1497 4009 conlocans
1519 3961 1611 4025 partes
1633 3963 1662 4010 ut
1685 3954 1821 4009 sententia

207 4020 271 4079 565.
297 4021 454 4080 Prosecutio
476 4020 697 4087 catholicorum,
720 4031 779 4078 acta
793 4020 884 4093 potios
897 4019 969 4077 reci-
1019 4019 1160 4077 recitetur.

170 4095 222 4149 tari
243 4102 392 4163 oportere,
413 4103 443 4149 ut
466 4092 693 4165 quemadmodum
706 4092 879 4149 Caecilianum
899 4106 965 4147 con-
1055 4090 1120 4146 587.
1143 4089 1283 4147 Sententia
1298 4092 1485 4163 recitataque
1497 4101 1584 4150 totum
1599 4093 1740 4162 complexa
1763 4109 1820 4148 nc-

169 4164 240 4221 stitit
254 4163 426 4233 absolutum,
449 4165 484 4220 ita
505 4173 534 4223 et
546 4163 623 4223 Felix
638 4174 766 4236 purgatus
787 4164 872 4221 luisse
889 4177 968 4219 mon·
1017 4161 1704 4288 flotinm51quiuobserrarioporteat,procatbolica
1719 4164 1822 4219 unitate

169 4243 282 4292 ιιιιιιι.
1038 4246 1151 4288 ecernr.

205 4305 269 4363 565.
283 4304 458 4365 interlocutio
467 4312 544 4378 gesta
560 4302 720 4376 praecipiens
733 4303 853 4362 recitari.
1136 4299 1290 4373 Eaplicinnt
1299 4301 1423 4374 Cantator
1433 4302 1516 4360 tertie
1528 4302 1700 4376 Copnitienit.

752 4565 923 4640 menno
950 4562 1050 4620 Dortuu
1073 4560 1136 4620 itt.

394 4712 706 4804 moreretur
742 4711 931 4799 casm
968 4710 1169 4801 ennam
1207 4643 1609 4796 oooumtonts.

855 4893 1137 4916 w

176 5000 182 5014 ’
208 5016 234 5072 1.
251 5015 313 5073 Ριιι
333 5009 494 5069 contalutttnt
516 5006 627 5065 innui
650 5004 685 5062 ι’.
700 5005 730 5081 i).
755 5004 890 5062 iniiam.
907 5003 1009 5067 Cor-1)
1022 4998 1075 5077 (5),
1091 4998 1258 5073 pratentibus
1268 4999 1434 5068 Sebastiano,
1449 4999 1612 5057 iloaitniono
1627 5011 1652 5058 ιι
1664 5002 1743 5063 Petro
1762 5009 1824 5065 siff,

171 5109 274 5181 tiropine
295 5108 323 5161 in
345 5102 491 5161 Secretorio
504 5098 546 5175 (1)
567 5098 741 5155 Fitermarttnt
760 5096 968 5169 Garpilienortrnt
1021 5094 1193 5152 devotissimis
1203 5093 1388 5165 protectoribus
1400 5093 1558 5162 domesticis,
1569 5095 1731 5158 mutantem
1742 5100 1822 5171 Urso,
1941 5127 1943 5132 ·

221 5263 249 5347 l)
262 5263 298 5319 ln
312 5260 467 5345 Serretorie
480 5256 509 5313 id
523 5267 575 5321 ιιι.
589 5258 616 5313 in
630 5256 766 5341 auditorio
778 5254 827 5339 ,in
840 5253 968 5324 practorio
1023 5252 1187 5325 tbaginensi,
1201 5260 1231 5336 ιι
1242 5252 1446 5379 ιοιιιιιὲιιι.
1459 5252 1488 5338 in
1499 5255 1518 5310 1.
1530 5254 1564 5312 ad
1573 5256 1726 5342 Donatistae
1737 5264 1825 5345 scrip·

171 5336 275 5405 obtpus
287 5332 395 5404 publice
407 5329 558 5386 dtcebatur.
577 5325 729 5454 cgprianus
750 5326 968 5398 episcopusCar·
1022 5333 1052 5381 to
1067 5334 1128 5397 post
1142 5324 1315 5379 collatronem
1328 5340 1353 5380 c.
1388 5328 1416 5390 5,
1433 5323 1516 5383 iutsse
1530 5338 1688 5396 spatiosum,
1706 5333 1825 5392 lucidum

173 5403 342 5475 tbaginensis
365 5400 515 5474 productus
534 5407 576 5455 est
618 5399 753 5470 ortiapine
777 5398 806 5452 in
825 5394 969 5452 senentio
1022 5395 1127 5453 etrelri
1147 5404 1271 5451 eratttem
1284 5395 1412 5452 scribitur
1423 5396 1489 5454 ibid.
1503 5412 1527 5453 c.
1539 5399 1585 5456 55.
1599 5417 1739 5460 ιιιιιιιι.

172 5491 267 5535 coram
282 5475 398 5531 Paterno
410 5470 593 5545 proconsule,
617 5479 647 5525 ut
660 5469 762 5541 legitur
778 5469 806 5525 in
819 5467 877 5537 ejus
892 5465 970 5522 actis.
1063 5465 1119 5549 (2).
1130 5410 1300 5548 {demerent
1313 5466 1533 5549 Gorpiiianurunt.
1559 5471 1660 5528 ilarunt
1675 5484 1764 5531 exstat
1778 5477 1825 5532 de·

173 5547 358 5610 Secretarium
373 5542 512 5616 praetoriii
547 5543 601 5598 itur
614 5540 686 5610 apud
702 5539 880 5611 Attgustinum
896 5537 915 5592 i.
931 5551 973 5601 tu,
1025 5538 1139 5607 scriptio
1151 5552 1178 5591 tn
1190 5535 1210 5591 i.
1229 5552 1247 5592 tt
1262 5548 1315 5593 ιιι.
1331 5538 1422 5608 Eptgr.
1438 5538 1548 5597 Pitboei.
1565 5540 1604 5597 iis
1614 5544 1748 5612 prioribus
1762 5563 1826 5602 nero

174 5630 270 5678 contra
285 5615 379 5674 Cresc.
394 5631 419 5672 c.
430 5614 477 5673 56.
491 5558 716 5670 Εῗξιιιιιιιίιιι
727 5609 896 5681 proconsulis
905 5606 976 5689 apud
1028 5616 1057 5664 et
1070 5607 1172 5665 ultimis
1185 5607 1286 5664 litteris
1299 5608 1508 5679 Epigrammatis
1522 5612 1548 5667 in
1584 5629 1616 5667 un
1631 5614 1755 5670 iberniae
1775 5618 1828 5673 illst

172 5690 310 5749 Frodium
323 5687 485 5744 limiensem
499 5684 519 5740 Ι.
544 5697 564 5738 n
585 5681 622 5738 dc
646 5679 783 5737 iliracuiis
800 5680 832 5738 S.
847 5677 978 5750 Stephana
1029 5679 1232 5742 describuntur,
1246 5688 1320 5736 recte
1332 5680 1442 5751 collegit
1456 5628 1618 5738 sirmondus
1629 5697 1700 5738 easa
1711 5683 1829 5743 'Flrrasa-

173 5778 201 5822 ι.
215 5761 245 5820 5.
266 5760 355 5819 bocas
370 5765 460 5814 antem
474 5755 590 5810 ilieerat
601 5752 670 5809 situs
684 5753 712 5811 in
727 5751 815 5811 media
829 5749 901 5810 urbe
913 5750 982 5810 car·
1031 5749 1134 5809 muodo
1148 5748 1331 5810 iiaudalorum
1345 5766 1409 5826 reae
1424 5754 1511 5811 luisse
1522 5761 1675 5810 renovatas.
1689 5769 1826 5817 ιιιιιιιι.

443 5850 581 5911 Parnon.
598 5844 656 5909 Xi.
1532 5840 1574 5904 to
