4142 6175
180 278 235 336 ott
876 275 1113 335 tttsstttttntttl.
1779 289 1832 343 otti

181 402 352 449 materterae
366 404 485 448 essenon
500 401 592 463 potest.
613 393 643 447 st
664 395 730 448 etaim
746 393 854 449 l'erbum
870 394 898 448 in
913 392 979 458 ileo,
993 404 1019 459 Α
1034 393 1106 448 tiotae
1120 393 1152 447 tt.
1168 393 1285 450 Zenonis
1300 394 1423 451 doctrina
1440 394 1520 460 ;Non
1538 398 1638 454 etenim
1652 401 1832 471 explicatione

180 496 207 544 et
218 486 290 543 neas
303 498 342 544 est
359 485 488 554 Valent,
502 495 526 541 et
538 487 587 542 lroe
607 495 644 542 ιιι
656 488 683 542 ia
701 504 751 559 quo
765 498 819 554 est,
833 487 902 557 qnod
915 488 980 543 illud
1032 483 1134 557 indiget
1147 487 1218 557 quod
1238 485 1366 544 Tractata
1379 502 1424 555 ts,
1444 503 1518 544 aum.
1536 489 1566 561 2,
1581 492 1693 562 protulit
1709 493 1834 551 disertis·

181 590 231 649 ert,
243 580 289 650 qtti
301 581 381 645 inest,
394 579 493 649 duplos
507 595 629 651 pascam
645 580 742 653 duplex
754 580 919 647 uocabulum,
936 580 981 635 sed
1031 577 1109 633 simis
1122 579 1230 634 uerbis:
1249 577 1348 634 Onera
1357 580 1424 635 ratio
1436 581 1446 634 l
1458 581 1551 637 Amore
1561 584 1681 657 intramnis
1691 602 1745 642 sua
1756 603 1833 643 coac·

182 674 318 751 oriqinalis
329 674 517 748 perpetuitatis,
534 690 565 729 ac
577 673 686 730 Deitatis
703 684 740 728 est
753 690 806 729 una
818 674 980 737 substantia,
1032 678 1073 725 tus
1087 670 1116 725 in
1127 672 1252 742 infantem
1263 673 1331 744 ooqit
1343 671 1424 728 Deus.
1441 672 1505 728 liae
1517 684 1556 730 est
1568 677 1636 731 enim
1650 688 1761 749 potestas
1772 678 1833 747 Del,

182 767 296 823 Domino
309 767 367 838 ipso
389 767 489 822 dicetne
508 782 518 820 .·
542 765 598 836 Epo
620 775 647 823 ιι
670 766 750 823 Pater
769 781 852 821 unum
876 780 979 821 sumas.
1033 769 1062 815 ut
1082 762 1154 817 saluo
1171 763 1241 833 quod
1255 772 1310 831 est,
1327 764 1408 832 possit
1420 780 1475 819 esre
1488 766 1559 836 quod
1579 782 1630 822 non
1653 778 1700 824 ert.
1725 768 1776 824 liic
1797 779 1835 826 est

185 858 262 927 Quod
280 873 334 912 aas
352 857 440 927 utique
468 857 507 913 sic
534 856 589 923 ait,
616 866 644 911 ut
661 856 688 911 in
714 872 793 911 renum
817 856 881 912 detor
912 856 981 911 redi·
1033 852 1105 910 Deus
1121 864 1218 922 ttoslet,
1233 858 1324 912 eterni
1336 855 1388 912 Dei
1401 867 1544 914 coeternus
1560 858 1655 917 Filius.

182 948 267 1024 penda
288 947 477 1020 mutandum,
500 946 546 1002 sed
571 957 599 1001 ut
617 946 728 1003 duorum
742 963 821 1002 unam
837 946 982 1003 Diuinitotis
1069 946 1231 1019 lpseitaqae
1246 962 1307 1005 sese
1321 948 1481 1020 explicatS.
1497 950 1582 1020 Zeno,
1609 952 1672 1024 quid
1696 953 1837 1012 intellexe-

184 1042 371 1114 potestatisque
386 1042 598 1114 omnipotentiam
608 1059 655 1097 nos
668 1043 780 1097 decern.
1034 1038 1070 1092 tit
1093 1039 1120 1092 in
1135 1037 1250 1108 objectis
1268 1055 1283 1093 a
1300 1038 1413 1096 Petario
1430 1040 1567 1109 textibus,
1596 1059 1657 1099 cunt
1678 1044 1744 1101 dicit
1764 1046 1837 1117 quad

220 1133 259 1189 De
270 1132 377 1189 duabus
387 1131 463 1189 bisce
476 1131 665 1188 nativitatibus
679 1132 734 1205 agit
744 1132 773 1189 S.
789 1133 891 1190 Doctor
901 1134 982 1188 etiam
1039 1128 1117 1186 Pater
1135 1132 1273 1187 indiscreta
1292 1130 1409 1202 Spiritus
1421 1134 1580 1205 plenitudine
1595 1178 1602 1203 ,
1617 1137 1703 1191 neseio
1716 1154 1769 1207 qua
1792 1156 1840 1192 sua

184 1225 275 1282 Tract.
292 1240 350 1290 atta,
368 1240 442 1280 oum.
457 1226 470 1281 l
488 1243 494 1279 ε
509 1223 596 1297 lqitur
609 1225 674 1280 duas
694 1226 840 1281 nativitates
854 1243 910 1282 esse
926 1225 982 1281 llo·
1035 1225 1190 1280 conscientia
1202 1225 1313 1280 uelatum
1326 1224 1381 1289 sitta
1403 1224 1554 1282 discrimine
1567 1229 1769 1298 eritplecteiatur
1783 1230 1839 1303 (Fi-

183 1320 247 1374 stini
258 1317 288 1373 l.
298 1315 330 1373 G.
342 1317 430 1386 ratim,
442 1328 487 1373 aut
499 1319 630 1391 nepliqens
643 1318 712 1374 diam
721 1318 877 1385 Christiane,
889 1336 920 1375 ne
933 1336 983 1387 quo
1036 1314 1101 1370 lium
1114 1314 1134 1387 ).
1155 1317 1189 1371 tt
1206 1315 1234 1371 in
1249 1315 1378 1373 Tractatu
1403 1333 1432 1373 stt
1456 1317 1502 1374 tio.
1519 1334 1539 1374 tt
1551 1337 1557 1372 :
1571 1319 1652 1388 Quun
1674 1331 1734 1376 erate
1755 1324 1841 1377 otttrria

183 1411 324 1482 decipiaris
342 1426 438 1466 errore.
457 1409 542 1466 Unam
556 1427 633 1481 qaam
653 1410 699 1466 tili
713 1427 764 1464 non
781 1409 839 1466 licet
850 1426 983 1481 querar,
1035 1409 1130 1464 secula
1147 1409 1226 1465 Pater
1240 1411 1267 1464 in
1283 1411 1413 1482 protunda
1432 1426 1492 1478 sum,
1506 1414 1598 1469 ruentis
1610 1430 1706 1470 arcano
1726 1415 1841 1487 insuspi-

183 1504 294 1559 alteram
306 1519 384 1573 queas
405 1504 519 1577 lepits'mc
537 1504 559 1558 ri
582 1504 683 1573 postis,
698 1503 852 1573 permitteris
873 1504 983 1558 edoceri.
1036 1500 1126 1567 calils,
1138 1518 1168 1555 ac
1181 1500 1230 1557 soli
1252 1502 1300 1557 sili
1321 1513 1384 1558 noto
1400 1504 1555 1559 conscientia
1574 1502 1640 1560 Filii
1656 1523 1708 1560 nou
1720 1507 1777 1562 sine
1799 1511 1842 1581 as·

187 1596 279 1651 Prima
302 1596 388 1667 itaque
408 1594 548 1650 natiuitatis
567 1592 674 1650 Domini
688 1592 781 1651 Nostri
794 1595 822 1649 in
835 1592 944 1663 Patris,
961 1605 985 1649 et
1038 1597 1117 1665 lectu,
1143 1596 1189 1649 sed
1207 1596 1263 1651 sine
1275 1597 1427 1652 revelamine
1447 1599 1657 1669 amplectebatur.
1677 1599 1749 1655 Nilrii
1768 1600 1842 1659 aliud

185 1685 253 1742 Filii
268 1687 638 1752 tantumcoaseientiamanet,
650 1703 695 1743 trec
705 1686 843 1757 quidquam
859 1684 933 1740 lubet
946 1685 987 1739 in·
1038 1697 1112 1742 certe
1128 1703 1208 1758 quam
1224 1687 1371 1745 discrimen
1386 1699 1518 1745 aeternam
1534 1691 1701 1749 interveniri
1716 1691 1844 1748 natiuita-

187 1784 332 1855 terp'ectum,
346 1778 580 1850 nequeeonaeiam,
592 1780 660 1850 quod
670 1775 986 1845 eaPaternitatisallectu
1000 1790 1024 1850 Β
1038 1788 1110 1844 tera,
1125 1788 1153 1837 et
1175 1782 1354 1852 temporalem
1379 1782 1501 1853 ejusdem
1524 1782 1586 1839 Filii
1611 1785 1657 1840 Dei
1679 1785 1845 1842 incastratio-

188 1873 314 1944 procestit
326 1887 379 1929 uno
389 1887 524 1927 consensu.
540 1869 662 1927 Secunda
675 1886 734 1926 aero
746 1870 858 1926 carnalis
867 1869 987 1942 prodita,

189 1967 226 2022 ita
238 1964 381 2021 invenimur
393 1979 449 2020 esse
457 1963 623 2035 eotttpletam'.

227 2059 300 2115 ilaus
311 2058 405 2129 itaque
424 2071 554 2130 personas
567 2056 597 2112 S.
614 2054 686 2113 Zeno
704 2055 732 2111 ia
746 2055 796 2111 isac
811 2054 898 2126 prima
917 2052 989 2109 arati·

191 2154 277 2211 vitate
289 2151 404 2209 latetur:
419 2151 451 2209 Si
469 2151 536 2206 enim
553 2149 663 2207 Verium
676 2150 703 2205 in
716 2166 766 2221 queo
779 2158 828 2215 est,
844 2149 912 2221 quod
924 2146 991 2202 illud

191 2254 241 2310 est,
254 2244 300 2316 qui
311 2230 377 2300 inest
399 2242 497 2314 duplex
517 2259 643 2314 perseum,
658 2242 756 2313 duplae
777 2240 928 2296 uocabulum
942 2256 952 2306 ,·
965 2247 992 2295 ιι

192 2337 261 2395 duas
276 2338 357 2393 bases
369 2349 500 2408 personas
513 2335 539 2391 in
550 2349 604 2390 una
619 2333 771 2390 substantia
783 2330 922 2403 originalis
931 2343 993 2386 esse

196 2428 383 2502 perpetuitatis
396 2426 568 2500 apertissime
589 2425 686 2493 asserit
700 2445 707 2482 ε
720 2423 774 2481 Sed
786 2421 920 2494 eripientis
933 2437 992 2495 per-

195 2522 345 2596 petuitatis,
358 2537 389 2576 ae
409 2519 517 2576 Deitatis
530 2531 568 2576 est
581 2536 634 2575 utta
654 2518 795 2575 sulttmstia
804 2535 813 2586 ;
823 2530 924 2587 easque
938 2528 993 2569 non

195 2616 324 2673 conlams
342 2614 466 2670 absolate
479 2612 560 2681 dicit,
581 2611 753 2684 prosequitur
776 2608 876 2680 quippe
896 2607 994 2663 imme-

196 2711 269 2770 diato
283 2730 290 2743 ·
308 2710 419 2766 limnino
430 2710 488 2781 ipso
500 2708 619 2775 dicente,
637 2707 695 2779 Epo
707 2714 735 2763 et
748 2705 830 2761 Pater
851 2718 933 2759 anum
947 2717 994 2759 stt·

196 2802 519 2877 murmurationesque
537 2802 576 2857 sic
589 2800 643 2868 ait,
658 2808 687 2854 ut
707 2799 733 2852 in
748 2814 828 2853 unum
842 2798 908 2853 duos
925 2796 995 2851 redi·

198 2899 282 2974 qendo
303 2897 492 2970 confunderet,
507 2895 554 2952 sed
575 2907 605 2950 ut
622 2895 732 2950 amnem
746 2908 825 2948 anuas
849 2889 998 2947 Dirinitatis

198 2993 381 3064 potestatisque
403 3006 458 3047 esse
482 2988 694 3061 manipotentiam
720 3002 767 3041 not
789 2985 900 3041 doceret.
928 2982 998 3053 Quid

1040 1887 1115 1941 nent,
1129 1872 1281 1929 mirabilem
1297 1873 1367 1930 banc
1377 1885 1439 1931 esse
1450 1875 1565 1932 dicens:
1582 1875 1846 1948 imperscrutabilem

1040 1967 1113 2022 iliam
1129 1967 1212 2023 variis
1226 1968 1516 2028 circumlocutionibus
1538 1970 1763 2028 assereremus
1784 1973 1845 2047 (ait)

1041 2063 1186 2119 nativitates
1205 2079 1260 2118 esse
1276 2061 1382 2118 lionam
1405 2063 1497 2119 Nostri
1508 2063 1536 2120 l.
1556 2063 1624 2120 C....
1652 2080 1749 2134 unam,
1767 2083 1846 2139 quarn

1043 2153 1089 2209 tibi
1103 2170 1153 2209 non
1166 2154 1224 2209 lieet
1236 2170 1359 2226 quererere,
1370 2155 1491 2225 alteram,
1506 2172 1584 2227 qurum
1598 2157 1710 2229 leqitime
1721 2158 1743 2213 si
1751 2160 1846 2229 possis,

1043 2247 1197 2320 permitteris
1209 2247 1325 2303 edocere.
1340 2246 1517 2318 Prosequitur
1528 2249 1626 2305 iisdem
1641 2250 1699 2306 lare
1713 2252 1803 2309 serbis
1815 2268 1849 2309 aa

1044 2342 1072 2399 in
1092 2342 1207 2413 objectis
1228 2343 1348 2399 textibus
1362 2361 1370 2397 a
1383 2340 1475 2399 Priora
1492 2344 1579 2415 itaque
1600 2347 1721 2403 natiuitas
1743 2349 1849 2405 Domini

1045 2433 1127 2489 nostri
1141 2433 1167 2487 in
1178 2431 1277 2499 Patris,
1293 2445 1318 2489 et
1332 2433 1397 2489 Filii
1410 2444 1511 2491 tantum
1529 2439 1686 2495 conscientia
1699 2452 1802 2510 manet,
1817 2457 1849 2499 ac

1046 2523 1159 2595 proinde
1172 2524 1376 2581 inscrutabilem
1386 2527 1512 2596 superius
1526 2527 1604 2584 dixit.
1624 2527 1719 2587 Nescio
1729 2549 1781 2604 qua
1801 2551 1849 2588 sua

1047 2614 1160 2689 (Patris)
1176 2619 1333 2693 conmimtia
1347 2619 1466 2682 temtum.
1489 2621 1539 2679 Hic
1563 2622 1590 2677 ia
1615 2621 1723 2693 Patris,
1747 2637 1771 2684 et
1785 2626 1852 2685 Filii

1047 2719 1147 2765 tantum
1163 2712 1319 2767 comaientia
1338 2723 1434 2782 manet,
1458 2715 1530 2783 quod
1546 2716 1573 2772 ia
1594 2716 1667 2774 idem
1689 2720 1796 2790 recidit,
1816 2722 1850 2779 ad

1048 2803 1255 2874 exprimendam
1271 2806 1393 2878 mysterii
1409 2806 1621 2877 prolanditatem
1642 2811 1854 2888 incompreben-

1049 2894 1272 2968 sibiiitatemqne.
1283 2896 1342 2953 Non
1353 2899 1474 2958 exelardit
1484 2910 1575 2959 tamea
1585 2902 1684 2961 Filium
1695 2906 1729 2963 ab
1740 2906 1791 2964 bac
1801 2923 1849 2980 qe·

1051 2988 1202 3045 nerationis
1215 2990 1308 3046 notitia
1317 3006 1379 3046 eum
1390 2994 1509 3064 utrique,
1519 3004 1547 3050 et
1558 2994 1639 3052 Pater
1648 3008 1676 3053 ιι
1688 2997 1853 3069 Filiusejus·

198 3086 300 3144 alarias
314 3084 368 3143 dici
387 3093 477 3159 potest
491 3082 525 3141 ad
546 3080 751 3157 exprimendam
766 3087 896 3137 aterraam
912 3078 1000 3135 anita-
1051 3079 1113 3137 dem
1123 3082 1318 3153 generationis,
1330 3093 1360 3141 ut
1371 3083 1429 3154 ipse
1438 3086 1491 3155 ait,
1504 3086 1668 3146 sintconscii
1681 3092 1708 3145 in
1718 3091 1817 3158 Patris,
1829 3106 1852 3150 ιι

201 3188 254 3236 tem
268 3180 372 3236 bivine
394 3177 569 3244 substantiam
590 3175 844 3246 distinctionemque
864 3187 993 3245 persona·
1011 3179 1035 3244 c
1051 3170 1221 3229 Filiitantum
1232 3176 1388 3232 conscicntia
1396 3188 1489 3233 nmnet.
1500 3179 1568 3235 illud
1576 3195 1650 3250 tero,
1660 3184 1853 3257 necquidquam

200 3289 270 3330 ram.
289 3272 467 3330 Coelernitas
487 3270 587 3328 etenim
607 3268 732 3325 distincte
754 3267 914 3338 exprimitur
936 3280 998 3321 cttnt
1050 3264 1306 3336 beletinterjectnm,
1324 3267 1396 3323 idem
1411 3269 1546 3342 significat
1560 3288 1593 3329 ae
1607 3273 1658 3329 alia
1673 3275 1754 3333 rerba
1770 3278 1856 3334 irruu-

200 3365 264 3423 dleit
279 3383 288 3422 a
304 3364 359 3423 Sed
371 3365 506 3438 ιιίιίιιιιι
520 3363 712 3435 perpetuitatis,
728 3377 759 3416 ac
775 3360 883 3417 Deitatis
896 3367 933 3414 est
947 3376 999 3414 urm
1050 3368 1119 3411 crete
1130 3357 1246 3428 Spiritus
1257 3360 1423 3429 plenitudine.
1434 3359 1500 3417 Corn
1514 3362 1600 3421 Filius
1613 3381 1664 3421 ana
1677 3367 1714 3424 sit
1728 3369 1856 3426 snbstan-

201 3457 353 3513 „pmmtm
368 3456 416 3513 um
437 3456 526 3527 itaque
543 3456 575 3510 o.
595 3454 713 3511 Zenonis
734 3453 876 3510 sententiae
892 3451 1000 3524 penitas
1052 3447 1088 3503 tia
1102 3463 1163 3504 cum
1176 3446 1274 3518 Patre,
1289 3465 1321 3506 ea
1335 3451 1436 3508 etenim
1450 3452 1538 3509 Verba
1552 3454 1665 3528 Spiritus
1681 3458 1853 3528 plenitudine,

202 3548 350 3606 excludunt
363 3546 466 3604 Patavii
482 3547 750 3618 interpretationem,
765 3560 819 3616 qaa
833 3544 890 3600 ruit
903 3545 932 3600 S.
945 3545 1001 3604 aa·
1052 3543 1198 3599 essentiam
1222 3558 1271 3600 seu
1289 3543 1467 3602 substantiam
1482 3545 1605 3603 Divinam
1618 3551 1781 3621 exprimunt.
1804 3554 1857 3610 Eo-

203 3642 314 3698 tistitem
339 3639 525 3697 veronensem
552 3637 732 3696 asseruisse:
759 3635 871 3693 tmlum
893 3635 943 3692 Dei
969 3652 1002 3691 ιιι
1052 3635 1113 3693 dem
1123 3651 1203 3694 sensa
1214 3638 1418 3711 intelligendum
1429 3651 1471 3696 est
1479 3642 1557 3710 illud,
1567 3642 1721 3717 Nescioqua
1730 3663 1857 3705 runcone·

203 3735 271 3791 anmi
283 3733 426 3791 atermtate
447 3734 474 3788 in
488 3732 576 3788 Patris
593 3734 652 3788 dne
663 3775 672 3801 ,
683 3740 707 3787 ιι
720 3732 830 3787 ιιιιιιιι
842 3731 909 3787 ιιιιι
920 3731 1001 3785 indis·
1053 3728 1145 3784 aientia
1163 3729 1290 3800 uelatum,
1317 3746 1416 3803 nempe
1435 3733 1677 3806 imperceptibilem
1699 3752 1761 3796 esse
1772 3739 1854 3797 Verbi

203 3840 299 3886 metum
321 3829 368 3901 (ia
389 3842 506 3901 persona
519 3829 529 3900 )
540 3836 564 3882 ιι
579 3827 685 3899 apicum
697 3827 800 3882 laesisse
811 3867 818 3891 ,
831 3834 918 3898 postea
943 3841 1001 3880 uero
1053 3822 1266 3892 generationem.
1292 3821 1331 3878 Ea
1347 3837 1414 3880 vero
1432 3840 1493 3897 qum
1508 3838 1669 3898 sequautur,
1686 3829 1750 3887 Sine
1763 3833 1856 3887 dist-ri·

203 3939 262 3978 cem
274 3921 436 3994 desipnutarn
448 3936 501 3976 ese
514 3936 601 3976 reram
614 3920 804 3976 rtammsitatent
816 3919 901 3975 moliri
912 3917 1000 3986 uellet,
1053 3912 1121 3968 mine
1131 3914 1303 3987 nequidquam
1323 3915 1397 3974 tates
1410 3917 1590 3991 interjectum,
1609 3922 1739 3980 ueritatem
1760 3939 1855 3982 essen·

204 4034 262 4074 eurrr
273 4018 359 4089 ipsum
373 4032 405 4072 ea
416 4031 470 4072 sess
484 4030 643 4087 propaqasse
653 4056 661 4079 ,
672 4030 703 4069 ae
716 4014 844 4087 promere.
855 4012 915 4069 Non
928 4012 1001 4068 euim
1055 4005 1099 4063 tite
1108 4008 1275 4078 exprimant.
1287 4008 1354 4096 ttae
1362 4021 1457 4068 contra
1470 4011 1604 4069 Valentini
1616 4013 1720 4088 AEanas
1733 4019 1855 4090 apprime

205 4116 277 4166 essct
297 4109 422 4165 absolate
433 4123 542 4175 veram,
555 4106 628 4177 quod
647 4106 720 4164 idem
739 4107 769 4163 S.
795 4106 895 4163 Doctor
915 4105 1004 4162 mani·
1055 4103 1171 4174 iaciunt,
1186 4105 1284 4178 quibas
1299 4121 1428 4177 perverse
1442 4108 1511 4166 adeo
1524 4119 1654 4166 aeternam
1669 4112 1751 4169 Verbi
1773 4130 1855 4184 geae-

206 4201 275 4259 iesto
288 4200 387 4259 docet:
403 4201 478 4270 Quod
491 4217 544 4257 non
558 4201 644 4272 utique
655 4201 693 4256 sic
707 4201 790 4269 ait,ut
804 4200 832 4254 iu
845 4216 925 4255 unum
939 4200 1004 4256 duos
1018 4252 1020 4255 a
1054 4197 1187 4254 rationem
1199 4198 1368 4274 contundere
1381 4191 1493 4258 molitas
1504 4200 1653 4273 estimpius
1663 4203 1854 4262 heresiarcha.

206 4294 358 4367 rediqenda,
373 4294 551 4364 confunderet.
567 4292 708 4364 Quippesi
726 4302 871 4364 antequam
885 4292 1005 4364 clerique-
1092 4289 1193 4346 Eodem
1205 4306 1287 4347 sensa
1303 4291 1332 4347 S.
1344 4290 1417 4345 Zeno
1427 4290 1554 4348 Tractatu
1577 4307 1612 4348 ru
1624 4292 1685 4350 iibri
1698 4310 1728 4363 n,
1742 4294 1778 4352 de
1788 4296 1855 4352 daa—
1944 4287 1946 4292 ’

206 4399 260 4444 tam
277 4406 295 4443 a
312 4405 340 4445 se
356 4404 446 4445 serem
471 4387 661 4444 calamitatem
681 4385 765 4441 moliri
785 4384 858 4440 redet
873 4426 881 4450 ,
894 4385 952 4440 lieet
974 4400 1006 4438 ee
1056 4381 1106 4437 bus
1119 4380 1220 4446 Gbristi
1236 4379 1422 4437 nativitatibus
1437 4397 1538 4453 agens,
1552 4393 1682 4440 aternam
1704 4385 1787 4443 Verbi
1805 4403 1853 4459 qe·

207 4483 277 4538 mani
293 4481 435 4537 aternitate
444 4480 472 4535 in
487 4478 575 4536 Patris
588 4477 659 4545 sna,
674 4487 699 4533 et
712 4477 822 4533 essentia
835 4474 904 4531 relat
924 4477 1006 4532 indis·
1057 4476 1226 4533 metationem
1251 4474 1448 4531 inenarrabilem
1469 4475 1557 4544 dicit,
1584 4481 1762 4549 temporalem
1789 4498 1855 4538 aera

207 4585 305 4630 cretum
318 4573 357 4649 (in
372 4575 500 4646 persona)
511 4583 534 4630 et
548 4573 652 4644 atticum
665 4570 764 4627 rutam
775 4570 890 4638 lesisse,
905 4569 1004 4625 intelli·
1016 4564 1045 4626 Ι)
1057 4566 1210 4624 ιιιιιιιῐιιιι.
1222 4566 1284 4623 lieo
1295 4566 1421 4622 mirabilis
1433 4567 1602 4638 (temporalis
1614 4569 1740 4644 scilieet),
1754 4573 1858 4629 itener-

207 4682 315 4740 qamus,
330 4669 425 4740 otique
436 4667 489 4723 duo
504 4668 570 4739 (eos
585 4666 611 4722 in
625 4680 708 4721 anum
724 4662 1005 4735 redigendoleoniusi
1056 4662 1145 4719 rabilis
1167 4661 1224 4728 illa,
1239 4660 1369 4733 Propheta
1392 4661 1513 4716 dicente:
1539 4660 1706 4719 Nativitatem
1725 4666 1782 4738 ejus
1800 4668 1860 4738 quis

209 4764 336 4831 luissent,
351 4762 447 4819 saltem
458 4769 602 4833 autequam
616 4757 1005 4832 deripaatamasererumuni-
1057 4753 1206 4812 cremabit?
1221 4754 1311 4823 anue
1334 4751 1439 4809 ratione
1458 4752 1669 4810 inenarrabilem
1691 4754 1767 4819 dicit,
1784 4758 1858 4828 qood

209 4857 353 4912 cessitatem
371 4853 474 4928 (Pater)
496 4854 582 4908 moliri
600 4852 685 4910 uellet.
701 4852 760 4919 Quo
775 4849 843 4907 nilal
863 4849 948 4922 alapis
960 4849 1006 4904 ab·
1057 4862 1106 4905 cor
1119 4848 1240 4904 divinam
1255 4844 1421 4904 eructaverit
1437 4847 1551 4903 verbum
1563 4845 1683 4914 bonam,
1699 4857 1727 4905 et
1741 4864 1789 4907 ore
1812 4852 1859 4907 nt-

209 4964 307 5006 sonum
318 4964 333 5003 a
343 4948 462 5005 Zenonis
476 4947 612 5004 sententia
622 4944 709 5002 asseri
723 4952 824 5015 potest.
1059 4939 1156 4997 tissimi
1181 4939 1313 5010 prodierit
1323 4947 1456 4995 aeternum
1471 4937 1607 5004 Verbum
1621 4955 1736 5011 nempe,
1751 4950 1782 4997 ut
1794 4945 1857 5001 alibi

247 5041 293 5098 ltla
307 5055 416 5112 quoque
431 5039 460 5094 [t.
473 5038 592 5096 Zenonis
606 5035 741 5094 sententia
756 5035 790 5093 de
811 5034 906 5093 eadem
922 5035 1008 5106 prima
1059 5034 1114 5102 ait,
1129 5031 1200 5103 quod
1208 5032 1349 5104 generatio
1365 5030 1448 5087 Verbi
1470 5031 1498 5087 ia
1513 5030 1621 5099 Patris,
1637 5041 1665 5090 et
1678 5034 1740 5091 Filii
1753 5045 1858 5094 tantum

211 5134 352 5191 nativitate
364 5133 466 5189 curisti
479 5132 601 5198 bannim,
617 5128 720 5187 Petaril
736 5144 845 5186 sensuum
868 5144 921 5185 non
936 5127 1008 5200 pati·
1060 5124 1225 5184 conscientia
1241 5133 1365 5190 mancat,
1381 5140 1428 5181 sua
1446 5124 1612 5181 conscientia
1630 5127 1760 5186 velatam.
1784 5129 1858 5199 Qua-

213 5238 266 5286 ιιι.
289 5227 382 5284 Prima
395 5227 481 5298 itaque
498 5225 619 5281 natiuitas
635 5223 740 5278 bomini
754 5220 847 5302 Nqstri
859 5222 887 5275 in
900 5218 1009 5289 Putris,
1061 5224 1276 5292 proptercoatra
1288 5215 1393 5272 Diuinae
1402 5214 1550 5287 Maiestatis
1560 5226 1700 5275 scrutares
1712 5221 1860 5279 veliemen-

212 5331 238 5379 ιι
247 5321 312 5377 Filii
323 5329 424 5376 tantum
435 5318 589 5376 conscientia
602 5325 706 5382 manet,
720 5330 767 5370 nec
784 5313 924 5384 quidquam
935 5311 1010 5368 balet
1062 5310 1115 5366 tius
1129 5308 1231 5366 intebit
1247 5326 1253 5363 :
1268 5306 1411 5365 Dnnmtite
1424 5325 1504 5382 qenur
1516 5318 1553 5366 est
1564 5310 1700 5367 inuisibilis
1716 5313 1862 5386 incompre-

213 5413 392 5488 interjectum.
406 5427 486 5486 neque
498 5411 629 5466 conscium
639 5451 647 5477 ,
659 5407 728 5481 quod
747 5422 779 5462 ea
791 5404 898 5460 Paterni
908 5405 961 5459 oris
972 5407 1012 5477 at·
1063 5401 1243 5473 terribilisque
1252 5399 1315 5456 uelle
1323 5402 1425 5473 opinari
1434 5412 1569 5468 meretum,
1584 5407 1689 5477 ejusque
1700 5406 1861 5462 intentadis-

214 5509 283 5578 {ectu
298 5504 420 5578 praemit
434 5520 487 5561 uno
501 5516 638 5560 consensu.
654 5499 745 5557 Prima
766 5499 892 5554 nativitas
906 5495 1013 5552 Domini
1065 5504 1159 5561 cetere,
1178 5496 1254 5566 crtjus
1267 5486 1499 5566 mtraria'nequeat
1512 5496 1648 5567 suspicari,
1662 5496 1699 5551 ita
1716 5499 1742 5552 in
1764 5497 1861 5554 eodem

216 5601 301 5660 nostri
314 5601 336 5657 si
352 5598 419 5656 nibil
442 5598 523 5655 babet
540 5595 729 5666 interiectum,
740 5607 806 5664 ergo
829 5606 917 5663 neque
930 5591 1014 5646 inter-
1065 5590 1192 5646 Tractatn
1205 5604 1257 5657 atr,
1271 5588 1362 5660 ibique
1375 5588 1409 5643 ad
1421 5589 1491 5645 idem
1505 5597 1693 5661 argumentum
1707 5591 1793 5660 plura.
1807 5590 1865 5646 Cte-

216 5696 293 5754 cedet
306 5694 399 5766 prius,
422 5707 471 5752 nee
483 5701 544 5763 post
561 5708 568 5746 :
585 5688 699 5747 AEterna
718 5688 809 5759 itaque
821 5695 873 5743 est.
894 5684 930 5741 At
951 5683 1015 5756 quid
1066 5689 1147 5736 teram
1161 5681 1317 5754 prouidemb
1332 5677 1381 5734 ttei
1395 5679 1428 5734 de
1450 5678 1506 5735 lieo
1520 5680 1781 5751 arquatentationilus
1793 5684 1865 5740 oanis

217 5788 417 5849 immorandum
431 5786 458 5843 in
479 5796 533 5839 tam
552 5783 626 5840 clara
650 5781 685 5838 de
698 5788 801 5840 aeteran
821 5777 881 5839 Filii
900 5790 1016 5852 gencra-
1067 5774 1170 5848 amauri
1188 5773 1252 5830 oellc
1274 5773 1426 5846 dispositum
1452 5788 1504 5828 nan
1522 5773 1637 5837 colentis,
1666 5770 1712 5826 sed
1731 5772 1865 5834 dementis,

457 5880 599 5943 Paraot.
632 5873 689 5939 xt.
742 5852 751 5892 ⁸
1573 5861 1631 5923 Ὦ
