4142 6175
200 301 232 368 ts
757 264 1039 374 ountsatmonbtt
1066 308 1261 372 nantario.
1811 313 1845 375 u

197 427 352 497 veliemens,
370 442 418 484 sen
432 426 520 502 potins
533 427 656 498 evidens,
671 428 742 502 qood
759 446 808 504 pro
829 428 1027 501 quibusdamd
1044 427 1235 486 novissimas.
1258 427 1396 487 Ambrosii
1410 425 1528 485 editione
1550 428 1677 501 cognosci
1687 429 1799 503 potest),
1816 439 1845 487 et

196 517 339 577 aZenone
358 520 544 591 abjudicandis
566 521 737 584 sermonibus
758 523 891 582 subolevit
909 537 990 597 argu·
1043 520 1128 592 ipsins
1140 521 1242 577 codicis
1252 529 1279 577 et
1292 521 1386 592 primm
1400 519 1528 578 editionis
1553 522 1632 596 iidem
1644 522 1672 578 in
1691 537 1747 579 non
1762 524 1846 582 nuliis

195 621 327 681 neutum,
341 629 452 671 causam
476 614 542 672 satis
561 631 665 686 ecquam
682 615 807 692 praebuit,
833 625 863 673 ut
884 615 991 674 suteris
1044 610 1222 668 deserendam
1239 610 1377 684 putarint,
1396 621 1422 666 ut
1437 627 1471 668 ca
1491 609 1654 669 adnotandis
1666 612 1786 669 suoloco
1799 630 1846 686 pa·

202 721 308 776 qauoqne
330 706 456 762 omnibus
478 707 504 764 in
521 707 631 764 dubium
656 711 769 778 vocatis,
783 724 814 765 es
839 716 993 765 inoverenon
1044 707 1096 761 iam
1113 707 1169 763 liet.
1186 707 1253 763 ilinc
1267 723 1332 780 ergo
1348 707 1376 763 in
1388 706 1537 764 Veronensi
1549 706 1670 765 editione
1681 723 1713 764 ac
1733 709 1842 765 caeteris

195 797 320 868 quaestio,
349 806 438 855 utrnnt
467 799 497 856 S.
527 798 603 856 Zeno
628 799 792 858 Veronensis
820 800 901 858 luerit
928 817 992 859 sere
1044 797 1249 857 indederivatis
1264 799 1843 873 praetercatniusantperturbatamquealie·

197 891 316 962 scriptor
327 892 478 964 aliquorum
492 908 648 952 scrtrtonum
663 894 734 952 inter
745 896 891 968 scriptores
905 896 993 953 eccie-
1044 909 1141 950 norum
1157 903 1320 952 tractatuum
1336 909 1396 951 eum
1411 893 1575 951 zenonianis
1588 894 1756 960 mistionem,
1770 894 1846 950 arbi·

192 982 319 1041 siastioos
338 983 534 1055 recensendos,
549 1001 597 1044 seu
616 991 753 1064 cujasnam
772 1005 829 1044 nere
848 988 899 1044 sint
915 1004 993 1060 opera
1044 984 1127 1043 narn
1147 987 1250 1058 aliquot
1265 985 1385 1044 locorum
1407 987 1596 1063 interpolatio,
1611 987 1711 1046 nemini
1727 994 1843 1043 catero-

192 1075 472 1151 sanctiltnjaanomini
482 1080 625 1153 retempto,
635 1093 664 1139 ut
678 1082 707 1137 P.
719 1081 892 1139 llabillouins
902 1081 992 1155 loqui·
1044 1083 1121 1154 quin,
1136 1081 1207 1153 quod
1229 1080 1361 1138 bactenns
1383 1081 1541 1150 viderimus,
1555 1081 1591 1137 ob
1606 1081 1700 1154 primae
1715 1079 1844 1136 editionis

193 1179 237 1225 tur
252 1169 280 1225 in
296 1170 416 1228 stanno
429 1174 626 1247 praecipuarum
642 1173 830 1234 diturutvavuu
845 1175 938 1233 saeculi
951 1192 991 1246 tu,
1044 1173 1184 1231 raritatem
1208 1174 1370 1246 observata,
1397 1172 1542 1247 plurimum
1580 1173 1719 1232 offendere
1751 1172 1844 1229 debet.

191 1276 262 1334 quas
275 1261 376 1322 eximio
386 1265 464 1334 operi
478 1266 613 1322 destndiis
626 1264 777 1323 ilonmtieis
791 1266 918 1338 sultjecit.
1045 1266 1165 1324 Tatvdem
1190 1265 1241 1324 alia
1261 1283 1322 1325 eum
1345 1267 1460 1340 poturae,
1476 1275 1531 1322 turn
1552 1265 1664 1339 reliquis
1678 1263 1844 1321 editionibus

237 1354 272 1411 ll.
294 1354 341 1414 lla>
354 1355 462 1428 quidem
477 1356 558 1414 editas
572 1359 689 1431 primurn
702 1374 717 1413 a
731 1357 807 1416 Sixto
828 1359 953 1422 Senensi.
966 1368 995 1418 et
1044 1360 1197 1418 communia
1215 1359 1361 1417 identidem
1373 1357 1577 1432 inciduntque
1588 1355 1682 1414 etsiad
1696 1357 1842 1413 ductorem

193 1445 258 1503 dein
274 1446 308 1505 ab
321 1448 392 1514 aliis,
406 1448 452 1520 qni
463 1448 489 1506 in
500 1449 559 1523 eires
570 1452 736 1510 transierunt
749 1453 993 1516 sententiamsus·
1045 1451 1271 1526 dignoscendum,
1286 1450 1328 1507 vel
1343 1451 1463 1508 editores
1478 1447 1730 1524 reprebendeudos,
1744 1447 1768 1503 si
1779 1446 1841 1519 qul-

196 1547 286 1611 ceptae
300 1548 382 1612 atque
395 1538 537 1599 inculcatae
549 1541 721 1600 difficultates
734 1553 763 1600 nt
776 1542 946 1604 diluerentur
959 1543 994 1602 ab
1045 1545 1107 1603 dem
1124 1545 1242 1618 inculpa
1266 1561 1319 1602 nou
1334 1544 1450 1610 luerint,
1467 1543 1533 1600 nibil
1559 1544 1731 1616 pertineant,
1753 1549 1843 1597 tamen

192 1630 237 1700 iis,
251 1630 297 1708 qui
311 1630 399 1705 pros.
411 1630 804 1708 Zenonisgiorialaborabant,
816 1637 867 1693 alia
878 1635 993 1695 subinde
1049 1649 1183 1697 accuratae
1208 1638 1337 1696 editionis
1363 1636 1592 1695 commendationi
1621 1633 1766 1710 plurimum
1792 1633 1843 1691 de·

195 1723 321 1798 ejusdem
335 1724 419 1782 editio
439 1726 489 1785 sub
502 1727 631 1785 cardinali
647 1711 798 1802 Augustino
811 1727 921 1787 Valerio
943 1730 994 1788 Vs·
1046 1731 1167 1798 trabunt,
1183 1730 1286 1802 aliquot
1297 1728 1424 1785 nimirum
1438 1739 1528 1785 errata
1544 1745 1597 1786 non
1611 1727 1680 1784 levis
1695 1725 1842 1793 momenti.

193 1819 308 1878 vosiensi
323 1819 444 1877 antistite
463 1822 686 1894 praestantissimo
698 1823 813 1880 Veronae
828 1837 921 1882 curata
943 1824 992 1881 luit
1006 1825 1030 1886 Β
1044 1840 1105 1896 qun
1115 1837 1280 1896 cognoscere
1289 1819 1367 1878 iaeile
1377 1830 1430 1888 est,
1443 1820 1580 1894 corrigere
1590 1836 1623 1875 en
1634 1817 1753 1878 auctoris
1766 1831 1843 1874 men·

192 1926 270 1967 anno
291 1921 446 1982 anctum,
467 1930 548 1987 qnam
573 1914 693 1989 iiapbacl
715 1915 813 1994 Bagaso
827 1928 854 1975 et
874 1918 993 1990 Baptista
1019 1983 1023 1984 γ
1046 1914 1276 1972 tediidcillirnum
1290 1955 1298 1982 ,
1314 1913 1467 1969 lunationes
1488 1927 1542 1970 non
1558 1925 1670 1984 ponem,
1693 1925 1754 1981 qnae
1773 1921 1845 1964 nnnc

188 2003 322 2064 Perettus
335 2016 462 2066 auctores
477 2008 539 2066 aliis
560 2010 688 2081 operibus
711 2010 771 2067 noti
795 2010 828 2067 ad
841 2013 937 2068 codicis
952 2028 993 2070 oe·
1045 2009 1206 2073 sonoram,
1220 2021 1293 2063 ⁰⁰⁰0
1306 2019 1429 2064 mittam
1443 2011 1472 2062 01
1493 2003 1564 2082 stille
1583 2004 1664 2060 etism
1679 2002 1795 2058 ²li⁰¹¹³¹¹¹
1810 2001 1845 2057 ³¹)

189 2099 277 2166 testi,
299 2115 379 2171 qoem
404 2102 485 2158 terin
507 2102 667 2173 prelatione
688 2104 835 2176 appeliant,
854 2108 993 2178 exemplar
1044 2110 1155 2160 attctore
1171 2100 1335 2157 sententiam
1361 2096 1498 2164 referunt,
1517 2104 1546 2153 nt
1571 2095 1685 2168 proinde
1709 2093 1764 2151 dici
1782 2095 1844 2166 jure

193 2191 295 2249 alicubi
311 2192 492 2263 emendatam,
508 2193 633 2252 vindiciis
645 2196 711 2252 sutis
724 2194 791 2253 lusis
813 2197 994 2270 praemunien·
1045 2193 1150 2265 possit,
1167 2193 1237 2249 iuter
1249 2201 1287 2248 tot
1298 2191 1443 2260 editiones,
1457 2206 1517 2264 quae
1530 2187 1649 2246 Zenonis
1663 2203 1760 2244 nomen
1775 2202 1845 2259 prac-

188 2283 254 2342 davn
278 2293 422 2356 putantur:
439 2302 525 2358 eaque
549 2302 612 2343 moa
636 2286 663 2344 in
678 2296 794 2360 quatuor
816 2287 992 2346 Bibliotbecae
1045 2284 1149 2351 ierunt,
1166 2284 1266 2340 trullam
1281 2282 1411 2342 imotenus
1425 2279 1567 2353 prodiisse,
1584 2295 1643 2353 qnae
1656 2278 1775 2337 Zenonis
1786 2277 1849 2336 cdi·‘

189 2374 304 2434 Petrum
316 2376 491 2443 editionibus,
505 2387 533 2436 at
552 2361 732 2453 negligentius
744 2379 900 2455 aliquanto,
912 2397 992 2453 repe·
1045 2379 1083 2437 tio
1098 2394 1162 2436 vere
1175 2377 1209 2434 sit
1226 2376 1403 2449 coappellari
1418 2375 1524 2432 debeat.

190 2469 237 2524 tita
255 2468 324 2536 buit,
339 2485 371 2526 ar
385 2470 494 2527 tandem
518 2484 643 2544 separato
665 2472 803 2531 volumine
825 2475 993 2542 enucleatius
1081 2469 1124 2528 ΙΙΙ.
1150 2471 1198 2527 llis
1222 2471 1348 2527 omuibus
1374 2478 1404 2526 ιιι
1426 2468 1574 2526 remedium
1600 2467 1755 2534 aberretur,
1774 2475 1845 2524 nova

190 2577 288 2622 recusa
302 2562 405 2619 Patavii
419 2580 462 2622 ao.
476 2579 574 2622 ttocctt.
586 2566 620 2622 dt
631 2565 713 2624 ntulta
729 2567 788 2623 iicet
805 2582 854 2637 pro
868 2567 991 2624 vindiciis
1044 2563 1164 2635 paranda
1174 2562 1262 2618 luerat
1275 2562 1369 2629 editio,
1383 2563 1409 2616 in
1425 2577 1487 2630 qua.
1504 2570 1534 2615 nt
1547 2569 1734 2617 arcttratarnnv
1746 2560 1844 2616 editio·

193 2655 295 2728 scripta
309 2654 427 2723 uterini,
445 2672 506 2712 cunt
521 2666 608 2713 tomen
625 2655 683 2729 ipsa
700 2657 725 2713 in
749 2658 869 2716 editione
894 2669 992 2730 praetor
1046 2671 1109 2711 num
1125 2656 1194 2711 ratio
1217 2656 1351 2724 postulat,
1368 2652 1500 2721 separatis
1514 2650 1611 2706 atteuts
1625 2665 1641 2706 a
1654 2652 1779 2722 genuinis
1792 2649 1844 2707 Ze·

190 2746 273 2802 alium
295 2763 453 2806 sermonum
478 2747 612 2817 ordinem,
639 2764 693 2818 quo
718 2749 763 2804 isti
784 2749 810 2805 iu
824 2748 893 2806 dnos
907 2749 991 2806 libros
1044 2748 1124 2805 nonis
1134 2746 1317 2812 sermonibus,
1340 2743 1474 2817 suppletis
1487 2744 1600 2810 iacueris,
1617 2744 1724 2800 mendis
1735 2759 1843 2802 correc-

189 2841 327 2898 distributi
348 2851 509 2910 cernuntnr,
524 2842 589 2899 nibil
605 2851 732 2899 occurrat
747 2843 820 2912 troni,
835 2843 881 2899 sed
896 2859 992 2899 omncs
1045 2839 1079 2896 tis
1094 2848 1188 2896 sancto
1205 2838 1339 2909 Episcopo
1359 2853 1407 2894 sna
1428 2853 1511 2908 opera
1529 2835 1718 2905 redderentur,
1733 2846 1759 2893 et
1779 2852 1844 2895 enc-

195 2945 413 3010 trsctatnsaque
428 2936 481 2992 sint
497 2937 656 3010 perturbati,
677 2937 809 3010 permisti,
824 2953 856 2994 ac
878 2954 927 3010 pro
941 2937 993 2994 Ze·
1044 2934 1142 2991 toritas
1153 2932 1347 2989 vindicaretur.
1360 2931 1414 2988 lios
1426 2932 1518 3006 itaque
1533 2931 1679 2988 editionem
1693 2931 1719 2988 id
1730 2935 1838 3004 generis

199 3030 327 3086 uonisnis
340 3030 480 3099 divenditi,
496 3030 513 3087 ii
528 3033 625 3102 etiam,
639 3045 708 3105 qnos
723 3031 825 3087 alienos
839 3047 901 3089 csse
923 3030 992 3089 Sitti
1043 3046 1058 3086 a
1078 3029 1165 3086 doctis
1177 3027 1281 3102 jamdiu
1295 3027 1441 3101 expetitam
1455 3068 1463 3093 ,
1477 3036 1504 3083 et
1519 3026 1547 3083 S.
1562 3025 1679 3083 Zenonis
1700 3028 1797 3085 bonori
1811 3028 1841 3085 iu

198 3132 356 3197 argumenta
366 3123 537 3180 manifestum
554 3126 673 3180 iecerunt
689 3139 883 3197 :quaecumque
897 3123 924 3180 io
936 3134 989 3180 tam
1043 3123 1177 3195 integrum
1201 3120 1369 3178 restituendo
1394 3118 1625 3193 pernecessariam
1650 3135 1764 3192 parare,
1778 3131 1842 3178 ante

191 3216 274 3273 malm
295 3231 382 3273 cansa
408 3216 587 3289 patrocinium
602 3216 654 3273 dici
679 3227 808 3289 potuere,
824 3234 877 3274 non
905 3217 991 3273 solum
1005 3215 1029 3281 C
1044 3218 1146 3290 aliquot
1156 3231 1244 3273 anuos
1257 3214 1433 3271 volvebamus
1448 3213 1474 3269 iu
1487 3213 1579 3269 auimo
1589 3228 1596 3267 ε
1608 3221 1637 3267 ιι
1649 3227 1710 3268 curn
1723 3213 1749 3269 in
1760 3213 1841 3271 rebus

196 3309 265 3365 nibil
277 3309 458 3381 proiecerunt,
471 3310 519 3368 sed
532 3310 565 3367 ad
578 3309 790 3387 indignationem
806 3313 896 3388 potius
907 3311 990 3368 exsti·
1042 3312 1175 3387 ejusmodi
1191 3312 1251 3369 sine
1265 3309 1456 3379 marrrvscriptis
1466 3307 1563 3365 conici
1578 3306 1645 3364 nibil
1658 3305 1754 3379 possit,
1771 3308 1843 3364 inter

192 3404 332 3461 nvulamnt
347 3420 400 3460 non
415 3404 548 3462 nullorum
567 3405 684 3475 anituos,
699 3418 862 3476 cansavuque
890 3406 988 3479 ipsam,
1041 3407 1185 3481 legendum
1202 3416 1293 3463 autent
1305 3406 1331 3463 in
1343 3404 1466 3462 notitiam
1480 3403 1649 3465 sensissemus
1659 3401 1842 3477 antiquissimi

191 3513 253 3571 qum
267 3496 448 3555 imbecillibus
462 3498 541 3555 vaide
554 3499 721 3571 argutvrentis
732 3498 862 3557 suuutciu
878 3515 910 3556 ac
929 3515 989 3557 sns-
1040 3501 1154 3572 codicis,
1165 3517 1244 3574 quern
1258 3499 1432 3558 llevrtensinnv
1447 3497 1685 3555 benedictinarum
1696 3496 1840 3554 bibliothe-

189 3589 288 3646 tentsri
308 3575 420 3659 debuit,
447 3589 652 3647 imbecilliorem
676 3591 760 3647 marito
772 3590 989 3665 deterioremque
1039 3610 1078 3651 cae
1091 3603 1155 3651 avite
1174 3608 1260 3650 annos
1274 3594 1359 3649 ierne
1384 3601 1537 3663 nongentos
1557 3590 1590 3648 ab
1606 3591 1754 3647 llincmaro
1780 3591 1838 3662 epi·

191 3696 273 3749 esse,
297 3698 378 3754 quiam
398 3692 476 3739 antra
492 3681 588 3752 iuerat,
604 3682 737 3754 aliquibus
754 3698 922 3756 persuasere.
946 3684 987 3741 nd
1040 3688 1205 3761 scopodono
1217 3686 1326 3753 datum,
1342 3684 1371 3741 P.
1385 3684 1539 3741 Ruinartins
1551 3682 1579 3741 in
1593 3695 1652 3740 ncta
1669 3682 1698 3741 S.
1712 3682 1839 3751 Arcadii,

191 3775 381 3835 diliicuitatnm
395 3775 622 3851 porrocuntulnvn
638 3773 687 3833 bac
700 3774 727 3857 in
744 3775 861 3833 editione
873 3778 989 3834 accessit
1039 3788 1066 3835 et
1093 3778 1123 3835 P.
1145 3778 1318 3834 Constantius
1341 3777 1367 3832 in
1396 3775 1523 3832 Veterum
1554 3772 1684 3831 codicum
1711 3774 1839 3831 vindiciis

189 3869 270 3925 ctiam
290 3877 409 3939 tempus,
434 3883 487 3941 quo
511 3866 540 3924 S.
556 3866 692 3924 Zenonem
720 3867 844 3925 ilortdsse
869 3868 988 3924 editores
1040 3888 1100 3944 pag.
1114 3870 1224 3937 293,ac
1238 3872 1265 3926 in
1285 3869 1404 3926 editione
1428 3868 1522 3926 liilarii
1549 3884 1610 3942 pag.
1632 3867 1686 3926 lde
1710 3868 1840 3927 editionis

188 3968 345 4017 statuerunt
358 3978 364 4014 :
378 3954 450 4035 quod
462 3975 523 4017 cnm
536 3959 639 4031 aliquot
648 3973 804 4017 sortitonnm
826 3960 988 4017 testimoniis
1039 3942 1217 4031 Veronensis,
1231 3962 1330 4034 aliique
1344 3963 1425 4017 etiam
1445 3959 1510 4016 alibi
1520 3972 1735 4017 commemorant
1751 3980 1757 4016 t
1772 3959 1839 4017 iliud

187 4056 349 4111 adversetur
371 4051 534 4119 manifeste,
557 4067 606 4125 pro
633 4054 761 4111 sedandis
783 4054 987 4125 repugnantium
1039 4055 1228 4127 cogitavimus,
1244 4068 1421 4127 quaecumque
1435 4051 1574 4122 diligentia
1590 4056 1615 4109 in
1630 4051 1691 4108 aliis
1705 4052 1838 4111 recentio-

186 4146 346 4207 criticorum
354 4144 464 4211 animis,
474 4159 522 4201 eos
533 4143 559 4200 in
574 4146 675 4215 majora
689 4145 799 4203 dissidia
811 4154 986 4204 exacuerunt.
1039 4148 1115 4204 ribus
1129 4146 1238 4220 quidem
1254 4145 1339 4202 intuito
1355 4145 1547 4219 manuscriptis
1562 4143 1639 4200 libris
1661 4160 1676 4199 a
1691 4144 1769 4202 nobis
1782 4146 1840 4203 coi·

188 4240 371 4297 insanandus
385 4240 607 4310 adquaestioncnt
620 4241 781 4299 deductore
794 4241 987 4311 pertinentibus
1039 4241 1195 4307 locaretur,
1217 4256 1276 4297 earu
1291 4238 1384 4304 nihili,
1406 4238 1447 4294 vel
1474 4237 1577 4294 minimi
1593 4237 1713 4293 babitnm
1741 4240 1788 4306 iri,
1813 4240 1838 4296 si

186 4332 328 4390 addentia
348 4332 505 4401 nonnulla,
528 4346 589 4405 qnae
604 4331 638 4391 nd
653 4332 781 4391 editionis
797 4333 881 4403 ipsius
905 4332 988 4389 decus
1039 4345 1094 4392 tam
1115 4336 1255 4407 antiquans
1279 4332 1399 4390 codicem
1425 4330 1484 4388 orbi
1509 4330 1640 4386 litterario
1659 4330 1714 4401 jam
1740 4340 1836 4388 notum

187 4425 390 4487 extenuandum
407 4441 460 4481 non
476 4424 615 4482 minimum
629 4425 782 4497 sortierunt.
799 4426 926 4484 Vetustus
939 4440 987 4482 co·
1040 4429 1200 4505 praeteriret.
1217 4427 1307 4499 ltaque
1322 4424 1422 4481 tamdiu
1436 4439 1451 4479 a
1463 4430 1652 4503 praeconcepto
1665 4436 1747 4493 opere
1760 4421 1842 4479 duni·

186 4520 253 4586 dcx,
267 4535 350 4592 quem
364 4528 405 4576 ter
417 4519 445 4575 in
466 4517 624 4595 praelatione
642 4519 805 4591 appellatum
821 4518 985 4586 notavimus,
1039 4538 1100 4579 unns
1112 4519 1361 4593 supersedendum,
1375 4517 1463 4589 quoad
1479 4515 1539 4588 ejus
1559 4516 1661 4573 codicis
1677 4517 1838 4574 consulendi

186 4610 260 4668 idem
281 4610 329 4668 iiie
351 4610 476 4678 videtur,
501 4626 580 4684 quern
599 4613 669 4668 inter
684 4611 836 4667 testimonia
860 4622 985 4667 vetustum
998 4609 1026 4672 Ι)
1038 4626 1066 4673 er
1084 4613 1241 4670 curuteueudi
1256 4611 1334 4685 cupis
1349 4625 1397 4693 pqr
1411 4609 1528 4680 aliqrreuu
1543 4607 1752 4665 neronianum
1769 4625 1835 4667 con·

186 4706 304 4762 codicem
314 4706 516 4775 manuscriptum
529 4706 677 4762 monosterii
688 4706 771 4762 suncti
779 4704 888 4761 Zenertis
900 4706 987 4763 edito·

186 4818 231 4861 res
247 4808 358 4868 vocant,
381 4815 442 4857 cnm
453 4815 486 4855 cx
498 4799 593 4857 endem
608 4799 745 4873 doovtymi
763 4797 941 4873 fragmentum
956 4796 987 4851 de

188 4894 301 4955 Verona
314 4891 435 4950 insedibus
448 4892 588 4965 proferunt
599 4931 606 4947 .
616 4892 664 4948 llic
677 4902 766 4948 atttetn
777 4891 861 4948 codes
874 4905 901 4945 tn
914 4890 986 4962 ejus-

185 4989 253 5045 dem
265 4987 420 5045 nonasterii
435 4986 596 5043 bibliotheca
608 4985 736 5042 itsctenus
747 4986 907 5053 custoditus,
917 5002 984 5056 prm·

189 5090 233 5136 ter
247 5095 326 5154 qnam
339 5076 412 5151 qnod
427 5078 586 5135 recentioris
601 5077 686 5133 urnito
700 5086 743 5135 est
755 5078 843 5133 aetatis
857 5078 985 5148 (scriptus

188 5176 263 5231 enim
281 5175 331 5230 luit
345 5173 446 5230 saceio
459 5169 517 5243 ar),
533 5170 683 5228 editoribus
708 5170 778 5227 adeo
799 5170 908 5227 modico
927 5169 987 5227 usui

188 5267 275 5323 inisse
294 5264 526 5340 deprehenditur,
553 5274 581 5319 ιιι
596 5278 680 5336 ptum
693 5262 816 5335 quaedam
832 5262 909 5331 loca,
925 5277 987 5335 quum

186 5358 217 5414 ln
232 5358 315 5429 prima
326 5360 446 5416 editione
457 5367 534 5417 erant
544 5355 985 5428 corruptissima,ervrendarccon·

188 5450 270 5517 tenti,
286 5451 310 5506 iu
322 5446 383 5507 silis
397 5465 453 5511 avon
472 5450 560 5507 solnm
575 5449 643 5506 nibil
656 5447 834 5517 confecerint,
859 5448 907 5504 sed
924 5463 984 5507 curm

185 5555 252 5598 nnn
264 5541 314 5597 sibi
330 5541 427 5598 edendi
449 5541 580 5600 rationem
601 5538 757 5597 imitandam
781 5538 984 5612 praestituerint,

185 5648 242 5706 qna
256 5634 297 5690 nsi
312 5632 418 5691 leemnt
430 5634 459 5701 ii,
470 5635 516 5707 qni
542 5632 594 5691 snb
608 5632 736 5706 auspiciis
750 5632 819 5690 Slatl
831 5632 864 5699 V,
876 5633 904 5690 S.
920 5631 985 5688 dm·

185 5724 275 5782 brosii
288 5742 372 5799 opera
386 5741 475 5798 nuper
492 5727 632 5784 ediderant
645 5725 715 5799 (baec
730 5737 820 5783 autern
834 5725 986 5799 cujusmodi

187 5817 425 5887 interlucentibus
435 5819 521 5877 doctis
535 5820 603 5877 viris
619 5819 674 5891 iarn
688 5828 781 5877 notum
794 5826 837 5878 cst
859 5828 939 5892 atque
951 5834 986 5877 et

1042 4708 1111 4780 tigit,
1123 4704 1276 4763 ntdiarcirio
1289 4703 1379 4774 Scipio
1392 4701 1512 4758 ilalieins
1533 4701 1614 4757 totins
1633 4701 1772 4759 litteratim
1786 4703 1840 4760 rei·
1917 4734 1921 4741 -

1041 4799 1157 4871 publicae
1167 4798 1249 4855 decus
1259 4794 1451 4862 clarissimum,
1467 4792 1600 4851 eruditum
1622 4794 1673 4849 iter
1686 4793 1712 4849 in
1723 4792 1838 4853 Galliam

1041 4892 1200 4963 susciperet.
1227 4891 1302 4947 iiam
1323 4904 1388 4962 crgo
1417 4888 1588 4944 occasionem
1608 4895 1836 4959 peropportunam

1040 4985 1093 5041 rati
1107 4985 1134 5041 in
1156 5000 1232 5057 spero
1255 4983 1377 5040 venimus
1393 4980 1468 5048 iture,
1484 4989 1513 5035 ut
1525 4980 1570 5035 iiie
1585 4979 1670 5036 codex
1683 4995 1765 5052 qoam
1775 4981 1837 5039 diii-

1039 5079 1196 5151 geutissimc
1206 5075 1376 5134 conferretur
1388 5090 1448 5131 curn
1461 5074 1550 5137 editis,
1565 5072 1682 5145 indeque
1701 5074 1823 5133 variante

1038 5170 1168 5228 lectiones
1177 5178 1311 5228 accaetera
1321 5178 1413 5225 notatu
1422 5169 1500 5238 digua
1509 5165 1736 5223 describerentur.
1746 5166 1839 5240 ltaque

1039 5266 1175 5322 litteratus
1185 5265 1230 5323 ille
1252 5264 1366 5319 exiruius
1378 5263 1552 5329 nuntiumque
1566 5258 1721 5329 politiorum
1735 5261 1835 5316 artium

1038 5372 1070 5415 ac
1082 5356 1284 5428 disciplinarum
1296 5354 1383 5410 lautos
1398 5350 1649 5426 praestantissimus,
1664 5366 1696 5407 ac
1707 5349 1736 5407 S.
1749 5349 1836 5408 Zeno·

1041 5451 1082 5506 nis
1094 5449 1217 5522 apprime
1232 5447 1384 5515 studiosus,
1399 5447 1442 5502 cni
1458 5454 1580 5501 nostruin
1592 5442 1735 5501 crinsilittm
1751 5445 1836 5501 maai-

1039 5560 1083 5602 nve
1094 5544 1266 5616 probabatur,
1274 5557 1334 5599 cum
1346 5540 1479 5597 lutetiam
1488 5538 1654 5595 Parisiorum
1664 5538 1836 5607 accessisset,

1039 5636 1093 5709 egit
1106 5634 1196 5692 statim
1207 5649 1269 5693 cunt
1284 5634 1365 5693 docto
1379 5643 1406 5689 et
1419 5629 1549 5705 pernobili
1561 5631 1618 5685 viro
1630 5629 1733 5689 ioanne
1744 5629 1837 5684 Zetes·

1039 5745 1100 5802 ans
1111 5728 1143 5783 de
1155 5726 1287 5809 [turipum
1299 5728 1321 5784 is
1331 5736 1421 5785 autem
1433 5738 1494 5783 cunr
1505 5722 1536 5785 l).
1548 5719 1692 5778 Vrattoisco
1705 5720 1837 5791 llaiilrser

1039 5836 1055 5877 a
1070 5821 1236 5880 Bibliotheca
1258 5821 1400 5881 deniensis
1414 5813 1583 5881 monasterii,
1600 5821 1628 5870 ut
1639 5828 1701 5871 eum
1714 5812 1836 5873 codicem
