4142 6175
243 255 298 322 ιιι
926 253 1050 317 sinuit
1068 253 1213 317 zaberna
1847 255 1900 314 tud

242 377 344 434 rientus
358 375 467 436 lucrlte
487 375 602 434 duobus.
625 375 679 443 Sed
694 388 744 434 nec
757 373 811 433 illle
828 375 938 448 impune
950 392 1044 435 succe-
1057 375 1285 448 ,quaedamsed
1300 375 1462 433 unoinecusl
1473 375 1607 449 prodigio,
1619 388 1700 450 secus
1711 388 1793 447 quam
1805 374 1905 433 decuc-

244 470 294 540 dlt,
308 473 353 544 qui
367 473 427 529 sine
442 470 587 534 uxoribus,
603 484 695 526 amore
710 468 974 541 peccandiliberius,
985 470 1044 543 (ab)
1096 476 1147 532 rat,
1162 467 1285 539 deperire
1304 475 1443 538 crepuerunt
1459 485 1465 520 :
1481 484 1560 538 quam
1570 481 1631 524 eum
1643 467 1816 524 adverterent
1826 482 1905 524 muro

247 564 365 621 incertas
383 573 463 636 atquc
484 561 642 619 inhonestas
664 562 773 619 sibimet
793 561 929 619 redimunt
954 561 1045 618 libldi·
1096 557 1904 630 castitatisqueeccrtellb)ueraestctaetcrnalormositas,

245 671 309 712 uram
325 667 440 722 merces,
455 670 509 711 non
519 656 692 713 advertentes
703 669 764 712 esse
776 653 870 711 infelix
882 664 910 711 et
927 653 1046 725 impedi:
1096 648 1123 706 in
1142 650 1259 721 paradisi
1283 649 1429 707 solitudine
1451 650 1671 721 circumseptam,
1693 651 1741 710 ubi
1761 652 1843 710 Eram
1869 652 1905 709 ab

225 751 308 806 'cum
339 747 469 821 quidquid
493 748 642 822 legitimum
667 749 748 806 luerit
766 757 843 805 extra
870 748 1045 821 coniugium:
1099 749 1214 799 auctore
1228 741 1320 812 operis
1340 741 1380 798 sui
1401 743 1582 799 meminerant
1596 757 1657 800 esse
1671 741 1832 816 deceptam;
1855 745 1907 802 bac

246 843 395 901 christiam
421 843 511 908 euim,
536 842 648 905 iratres,
673 842 744 898 ultra
769 841 851 898 licere
884 855 937 898 aon
963 847 1046 912 puto,
1090 837 1201 908 reipsa
1220 835 1630 908 nactoconsilio,caperedolo
1647 836 1847 911 aggrediuntur
1873 854 1907 894 ac
1963 869 1972 882 ·

246 952 326 1010 quarn
342 935 419 993 utsit
431 943 478 992 aut
490 939 651 1006 continens,
668 945 714 992 aut
726 935 849 992 maritus.
1100 928 1151 985 uisi
1165 928 1244 1000 culpa
1267 928 1435 996 succumbat,
1457 928 1540 985 ueluti
1563 928 1694 986 adulterae
1719 929 1908 1000 depretrense

282 1033 315 1089 t.
329 1031 417 1089 Venio
430 1046 502 1087 nunc
522 1031 556 1086 ad
571 1030 713 1101 exempla,
728 1046 788 1100 quae
802 1036 866 1085 sum
879 1027 988 1100 negotio
1005 1026 1048 1084 rel
1100 1036 1225 1094 magnum
1241 1021 1400 1079 minitantur
1409 1021 1577 1079 exitiumdt
1586 1020 1633 1079 illa
1648 1038 1702 1079 uun
1713 1020 1771 1094 (ll)
1785 1021 1841 1079 Era
1855 1038 1907 1078 an·

247 1123 606 1195 maximenecessaria3quia
620 1124 679 1193 plus
700 1122 827 1193 estquod
841 1121 946 1193 geritur
967 1137 1048 1193 quam
1100 1112 1189 1183 cipitis
1212 1111 1322 1183 quidem
1338 1120 1427 1168 metus
1450 1111 1680 1184 contemplatione
1694 1112 1825 1184 preclusa
1838 1156 1846 1181 ,
1860 1130 1908 1169 cu·

246 1218 319 1291 quod
331 1216 442 1286 dicitur,
453 1226 482 1273 ut
495 1226 523 1272 et
535 1215 713 1288 impudicitiae
728 1214 828 1271 malum
844 1222 873 1270 ct
886 1215 986 1271 bonnm
1001 1231 1051 1286 pu·
1098 1209 1144 1279 jus
1159 1218 1205 1264 aru
1220 1206 1306 1282 pudor
1317 1216 1391 1265 esset
1401 1204 1576 1278 jugulandus,
1592 1217 1640 1263 aut
1652 1207 1753 1273 anima,
1766 1208 1909 1265 conscien-

248 1310 350 1367 dicitiae
365 1324 419 1364 uno
432 1309 584 1379 eodemque
598 1308 658 1382 (td)
673 1315 800 1378 suggestu
824 1305 950 1362 facillime
965 1306 1051 1376 possit
1102 1303 1146 1357 tiae
1165 1315 1222 1358 suaa
1233 1304 1373 1358 conscium
1388 1299 1477 1358 solum
1486 1306 1643 1357 contestans
1657 1300 1753 1368 Deum,
1766 1298 1907 1358 bonmtam

248 1402 371 1473 agnosci.
389 1399 492 1471 losepb
507 1398 641 1455 Hebreeus
663 1397 824 1453 adolescens
838 1393 1052 1469 (commun),
1102 1396 1193 1467 potius
1216 1393 1297 1465 elegit
1321 1401 1436 1451 mortem
1456 1409 1537 1465 quam
1562 1394 1645 1449 uitam
1669 1402 1789 1465 turpem,
1812 1395 1909 1450 melius

247 1494 338 1548 clarus
351 1505 465 1564 genere,
478 1490 580 1546 clarior
595 1488 808 1561 pulchritudine,
824 1503 930 1543 tuorum
943 1502 1052 1559 quoqne
1104 1485 1382 1543 credensbominibus
1397 1500 1427 1543 se
1441 1500 1515 1543 ream
1531 1484 1592 1556 (td)
1608 1485 1731 1556 praebere
1741 1501 1822 1558 quam
1841 1487 1907 1543 beo.

247 1586 417 1643 clarissimus
439 1584 585 1656 probitate,
611 1583 662 1639 init
683 1581 756 1640 inter
779 1581 851 1638 lilios
872 1580 956 1638 iacob
971 1589 1052 1637 aetate
1105 1578 1209 1635 interea
1221 1579 1324 1635 instant
1336 1580 1376 1635 illi
1389 1594 1422 1636 er
1437 1576 1604 1635 amatoribus
1619 1587 1794 1636 accusatores
1807 1580 1907 1651 effecti,

247 1682 346 1747 minor,
362 1680 410 1736 scd
433 1679 529 1749 spiritu
546 1678 643 1750 major.
669 1676 719 1734 ilic
745 1676 845 1733 invida:
864 1674 1053 1754 germanitatis
1104 1674 1262 1743 crimenque
1272 1673 1384 1728 suumin
1397 1673 1598 1744 simplieitatem
1612 1674 1804 1731 circumventa
1816 1684 1909 1730 trans·

247 1772 364 1844 impulsu
381 1771 407 1828 in
427 1767 574 1844 AEg'yptum
589 1780 629 1827 est
645 1769 750 1826 delatus
764 1777 844 1841 atque
866 1768 1013 1825 distractus
1035 1781 1050 1821 a
1066 1772 1090 1834 Β
1105 1765 1193 1822 lusum
1218 1765 1364 1821 artificiose
1376 1765 1440 1822 dum
1455 1776 1629 1838 exaggerant,
1643 1766 1741 1822 exinde
1760 1765 1815 1838 jam
1832 1765 1907 1840 prio·

246 1863 386 1931 iratribus,
399 1879 480 1935 quem
495 1863 598 1920 domini
611 1863 653 1919 sui
667 1876 736 1917 uxor
750 1861 828 1932 pejus
842 1877 934 1917 amare
954 1874 1049 1933 crepe·
1105 1876 1149 1917 res
1163 1860 1245 1932 seipsi
1258 1859 1450 1917 condemnant.
1462 1857 1562 1917 ilerum
1576 1858 1657 1932 (prob
1666 1858 1743 1916 rrelas
1752 1857 1772 1933 l)
1786 1858 1909 1916 creditur

216 2003 220 2008 ,
247 1970 301 2022 rat,
317 1970 399 2027 quem
410 1955 525 2012 oderam
538 1954 638 2011 iratres
651 1972 658 2010 :
670 1967 732 2010 nam
745 1967 807 2009 cum
820 1952 978 2010 medullitus
992 1968 1051 2008 mu·
1104 1953 1188 2021 etati,
1205 1954 1327 2010 creditur
1338 1953 1512 2010 auctoritati:
1529 1954 1668 2009 exsultant
1677 1953 1794 2016 adulteri
1806 1970 1814 2008 :
1829 1954 1908 2009 dam·

228 2048 299 2124 ,lier
313 2047 419 2103 ardoris
437 2048 525 2103 insani
541 2046 722 2116 contaqraret
744 2044 881 2113 incendio,
905 2045 933 2100 in
954 2046 1053 2101 suade-
1104 2056 1184 2102 natur
1199 2046 1352 2117 integritas.
1363 2046 1422 2103 iarn
1435 2047 1546 2119 jamque
1558 2045 1683 2103 Susanna
1697 2047 1732 2103 ad
1745 2047 1909 2120 supplicium

247 2140 302 2196 lam
317 2140 478 2213 sacrilegam
492 2140 659 2211 argumentis
671 2138 847 2195 veliementer
864 2148 968 2194 armata
988 2152 1053 2209 cap·
1105 2139 1253 2195 immerens
1273 2138 1459 2195 trahebatur:
1478 2140 1534 2209 jam
1562 2148 1633 2195 totus
1658 2139 1775 2212 populus
1796 2139 1823 2198 in
1848 2139 1908 2213 ejus

230 2233 489 2298 ,tatsolitudinetm
504 2239 641 2289 secretum
655 2240 746 2302 captat
758 2238 788 2286 et
809 2229 910 2297 lucum,
929 2229 956 2284 in
978 2228 1052 2301 quali
1104 2231 1234 2304 sanguiue
1255 2231 1424 2289 tumeseebat
1453 2248 1460 2286 ε
1483 2232 1538 2302 jam
1560 2234 1601 2288 sui
1627 2243 1737 2305 queque
1761 2231 1908 2292 tanrittnres

244 2330 327 2386 ctiam
343 2345 397 2384 non
421 2327 482 2402 (ll)
497 2327 601 2383 irritata
615 2325 798 2384 adolescentia
825 2325 917 2380 invitis
943 2322 1053 2380 leminis
1104 2337 1182 2379 norae
1195 2322 1237 2379 rei
1255 2321 1398 2378 atrocitate
1410 2322 1539 2393 perculsi,
1553 2323 1606 2397 51
1621 2324 1815 2380 miserabiliter
1829 2324 1907 2395 inge·

250 2436 323 2493 saepe
344 2420 463 2477 uiolenta
486 2434 548 2477 esse
566 2418 775 2476 consuerindt
795 2416 839 2476 ubi
864 2417 890 2472 in
919 2414 1052 2471 destinata
1105 2418 1261 2484 miscentes,
1275 2416 1395 2473 dimissis
1413 2416 1547 2489 capitibus
1570 2433 1650 2474 mnne
1673 2418 1792 2475 studium
1812 2417 1909 2475 delen·

250 2529 441 2587 prorumpens,
469 2528 558 2583 neque
586 2511 781 2576 blandimenta,
806 2524 895 2581 neque
920 2508 1053 2580 promissa
1104 2512 1191 2569 sionis
1205 2510 1437 2585 liblabjecerant.
1453 2510 1606 2568 demetiam
1632 2511 1691 2584 ipsa
1711 2513 1822 2584 pudoris
1847 2512 1907 2586 (47)
1995 2529 2002 2536 ·

248 2607 357 2664 sibimet
370 2606 502 2677 prodesse
519 2606 673 2678 cognoscit;
689 2613 814 2660 conserta
830 2616 922 2670 manu,
944 2602 1052 2657 inuersa
1104 2602 1267 2675 compendia
1288 2603 1384 2660 mortis
1405 2603 1502 2660 oderat
1528 2619 1630 2670 moras,
1656 2604 1784 2661 manibus
1810 2603 1906 2674 displi-

247 2701 318 2766 rice,
340 2700 436 2756 adorta
450 2709 492 2756 est
514 2698 541 2753 in
563 2712 643 2753 suum
665 2696 785 2752 fomitem
798 2693 854 2770 50
873 2692 1054 2767 adolescentis
1104 2712 1181 2764 cens,
1197 2697 1244 2753 sed
1259 2697 1311 2753 soli
1325 2709 1381 2754 suae
1395 2697 1568 2753 conscientias
1588 2697 1709 2769 placens.
1725 2696 1791 2753 Com
1804 2696 1906 2766 subito,

246 2795 336 2867 iguem
352 2793 419 2849 totis
434 2790 691 2848 uiribusderiuarc.
712 2790 747 2843 nt
759 2788 803 2843 ille
817 2787 843 2842 in
857 2786 1053 2858 repugnatione
1104 2790 1199 2863 quavis
1212 2791 1329 2846 versutia
1342 2791 1388 2862 qui
1403 2789 1506 2846 lallitur
1519 2805 1681 2861 numquam,
1696 2790 1840 2848 criniestlna
1856 2792 1906 2847 ad·

245 2897 350 2944 restem
374 2885 425 2942 sibi
440 2884 575 2940 uiolenter
595 2881 731 2938 extortain
757 2880 926 2950 relinquens,
946 2895 980 2936 ex
1002 2879 1053 2935 im·
1104 2892 1148 2940 est
1160 2882 1186 2939 in
1201 2883 1315 2940 Daniele
1328 2898 1413 2954 puero
1428 2883 1509 2939 [leus.
1524 2883 1639 2939 Omnem
1655 2893 1769 2955 repente
1794 2883 1907 2940 malitiae

246 2979 384 3052 pudicitia
399 2976 477 3033 lovea
491 2974 579 3031 nudus
594 2972 718 3044 aulugit:
735 2971 782 3028 sed
805 2971 942 3042 pudicitiae
957 2971 1052 3042 splen·
1105 2991 1213 3033 scenam
1230 2975 1363 3047 diripuit:
1381 2975 1440 3050 (tt)
1456 2976 1638 3048 profectitium
1664 2977 1769 3033 crimen
1792 2991 1908 3048 propere

246 3074 313 3130 dore
327 3057 441 3128 vestitus
460 3079 523 3142 post
540 3066 735 3141 calumniosam
757 3064 961 3122 damnationem
975 3072 1004 3122 et
1016 3063 1051 3122 li·
1103 3069 1274 3127 recluditur:
1290 3068 1379 3126 scelus
1401 3083 1467 3127 suos
1488 3068 1579 3127 reddit
1593 3070 1619 3127 in
1641 3079 1786 3128 auctores:
1810 3083 1914 3144 purga-¹

245 3166 355 3223 iteratus
370 3180 385 3219 a
400 3163 457 3220 lieo
471 3168 514 3219 est
526 3170 554 3217 et
566 3160 726 3217 honoratus.
739 3158 860 3230 lienique
876 3173 922 3214 rer
934 3159 1086 3233 imese-c
1101 3171 1200 3234 turque
1215 3179 1263 3232 per
1286 3162 1468 3219 innocentiam
1491 3162 1587 3234 pudor.
1616 3163 1715 3233 Sieque
1741 3164 1907 3234 Susannam,

246 3262 351 3319 curdus
368 3261 455 3318 lactus
478 3267 520 3316 cst
538 3257 625 3328 regni,
651 3257 696 3327 qui
717 3252 829 3327 insignis
853 3251 900 3310 reri
920 3261 980 3309 erat
994 3251 1051 3325 jam
1103 3271 1195 3328 quam,
1213 3256 1381 3328 impudicitia
1394 3256 1555 3320 mentiente,
1568 3257 1594 3311 in
1604 3256 1742 3330 publicum
1759 3264 1908 3323 traxerant,

244 3364 309 3412 ante
325 3354 447 3426 pudoris.
823 3346 827 3352 ’
1105 3349 1244 3420 probatam
1258 3359 1285 3406 et
1298 3348 1463 3405 vindicatam
1476 3349 1511 3407 ad
1526 3350 1615 3406 mariti
1625 3349 1775 3407 tlralamum
1790 3366 1852 3406 cum
1868 3350 1910 3406 iu·

285 3447 329 3502 tlt.
352 3445 509 3503 Sitaaunttm
520 3456 628 3513 quoquc
644 3439 771 3496 columen
792 3437 852 3510 (li)
880 3445 1052 3494 matronatus
1102 3444 1177 3514 genti
1190 3443 1327 3514 triumpho
1339 3444 1435 3499 victrix
1449 3442 1578 3515 pudicitia
1593 3428 1754 3515 reportarit.

246 3538 407 3596 inalieetatm
422 3538 516 3592 lormae
540 3533 681 3608 pulcbrius
695 3547 753 3588 sure
776 3530 985 3608 pulchritudinis
1006 3545 1051 3587 or·
1139 3533 1195 3589 llll.
1218 3534 1305 3592 Sedu
1326 3544 1457 3608 quantum
1479 3543 1523 3592 cst
1544 3534 1678 3603 miranda,
1692 3533 1832 3607 pudicitia,
1847 3550 1910 3607 qum

245 3644 412 3703 narucntum,
427 3633 533 3705 insigne
547 3629 684 3703 pudicitiae
702 3624 898 3693 testimouium,
910 3641 927 3682 e
937 3624 1053 3682 seniori·
1103 3626 1183 3684 aliter
1197 3627 1301 3683 laudari
1317 3635 1343 3684 te
1361 3644 1415 3684 non
1432 3629 1485 3698 ris,
1511 3644 1592 3700 quarn
1614 3640 1642 3686 ut
1657 3628 1833 3698 custodiaris,
1848 3629 1909 3687 solo

289 3827 346 3906 (39)
360 3813 763 3901 incomprehensum.
777 3812 899 3896 incertus,
912 3819 941 3894 et
962 3813 1050 3894 berre:
1104 3823 1173 3869 metu
1188 3812 1347 3883 scripsimus
1356 3815 1476 3887 ancipitia
1489 3824 1581 3884 noetus,
1601 3825 1630 3899 ιιι
1643 3816 1776 3873 sentetttir
1788 3827 1909 3875 constet.

247 3911 376 3959 notantur
388 3895 460 3952 eninr
475 3890 525 3958 illl,
542 3906 587 3960 qur
601 3886 786 3956 accurugrbus
802 3886 883 3940 soluti
900 3885 985 3938 licere
998 3881 1051 3937 srlrr
1103 3888 1213 3955 Anceps
1225 3893 1314 3939 autern
1328 3886 1460 3943 Susannre
1480 3897 1567 3944 metus
1587 3887 1646 3952 luit,
1665 3903 1700 3944 ne
1718 3899 1765 3944 ant
1782 3889 1910 3945 diffama-

247 3973 388 4047 prnnlrant,
404 3981 456 4022 trun
476 3965 585 4017 incertus
597 3958 704 4028 quidem
720 3954 857 4021 libidines,
869 3954 917 4010 sed
927 3954 1049 4022 incertas,
1104 3964 1180 4012 retur
1191 3964 1220 4010 ut
1234 3954 1366 4023 adultera,
1385 3959 1407 4013 sl
1424 3968 1561 4024 renueret,
1577 3974 1610 4013 ex
1627 3974 1679 4030 quo
1693 3960 1780 4029 pudor
1792 3960 1852 4031 ejus
1861 3960 1910 4033 ju·

250 4061 318 4116 quas
333 4041 435 4097 scilieet
451 4036 537 4107 pretio
551 4031 641 4088 soluto
660 4044 675 4083 a
697 4027 885 4083 rncretriclbus
901 4040 967 4096 uage
980 4039 1052 4081 mer·
1103 4028 1264 4154 gutulum?
1279 4038 1326 4155 2:ss
1341 4038 1475 4099 peccaret,
1491 4031 1514 4087 si
1528 4030 1736 4101 obsequeretur,
1759 4033 1831 4104 quod
1843 4034 1910 4106 ¹ant-

252 4120 393 4173 cabantur.
1105 4115 1169 4153 anau
1203 4118 1208 4131 ·
1247 4115 1278 4154 er
1310 4140 1317 4152 .

289 4189 346 4258 (lut
361 4183 409 4241 MS·
426 4179 562 4234 Remettse
576 4170 818 4242 ''31’2‘22‘990‘503
832 4166 880 4222 ⁸0l¹
893 4169 919 4222 in
932 4166 1052 4237 wirbine
1143 4190 1200 4261 (45)
1210 4190 1237 4244 ln
1247 4189 1311 4246 edit.
1326 4199 1354 4246 et
1364 4190 1463 4261 aliquot
1476 4209 1540 4249 mss.
1552 4194 1664 4266 predere
1674 4195 1763 4251 debere
1777 4212 1787 4251 :
1802 4205 1911 4267 postre-

250 4258 372 4331 nppnsitu
389 4260 451 4308 riola
473 4248 497 4303 ll
519 4246 629 4327 dublum
653 4245 742 4296 ¹⁰⁰⁰¹l¹
765 4238 908 4310 Siil'lffilil·
924 4237 1054 4322 „sudrim”
1105 4266 1284 4317 maturiorem
1301 4272 1331 4317 nt
1351 4264 1430 4319 nimis
1453 4266 1659 4335 redundantem,
1674 4267 1836 4324 alletoritate
1851 4284 1908 4324 ms.

252 4334 281 4389 iu
302 4330 361 4385 aliis
371 4338 439 4382 mss·
453 4320 559 4376 eredit.
574 4325 602 4372 ⁶¹
613 4324 747 4386 illidium
762 4327 811 4383 lll⁰
823 4320 992 4383 “dimi‘’
1005 4324 1054 4363 ⁸⁰¹¹
1106 4331 1215 4400 Pomp,
1227 4333 1370 4389 delendam
1379 4334 1570 4405 judicavimus.
1625 4352 1629 4359 ·

252 4401 401 4462 additione,
415 4393 457 4449 rel
474 4390 631 4446 narratione
650 4384 775 4439 sumitur.
792 4380 933 4450 Ulpianus,
947 4380 982 4435 ne
995 4379 1053 4434 pra.

253 4476 313 4546 giat.
325 4480 375 4525 rut.
391 4480 496 4522 currum.
509 4460 557 4542 lib.
570 4474 578 4513 r
597 4458 696 4539 bigast.
711 4471 718 4507 ι
731 4452 764 4509 Si
777 4469 810 4507 ee
822 4462 942 4534 ruqqestu
954 4467 1052 4516 eortina,

252 4545 292 4599 nel
305 4538 450 4596 nominibus
463 4535 495 4589 ιιι
504 4549 541 4587 era
553 4541 664 4598 deceptu
674 4540 768 4597 proerea
779 4524 889 4579 dederit.

291 4630 348 4705 (tt)
364 4629 412 4683 ils.
428 4626 504 4680 Rern
522 4620 626 4675 inritato
635 4635 644 4685 ,·
655 4624 683 4672 et
695 4623 757 4687 post
772 4628 853 4685 pauca
869 4630 917 4697 nro
940 4613 1057 4668 deridere

254 4705 324 4762 idem
337 4715 389 4756 nis.
405 4712 455 4752 nce
470 4706 524 4749 nem
538 4691 634 4748 Urbin.
651 4699 678 4744 et
697 4687 762 4742 Zeu.
775 4686 895 4740 dertnnrr.

292 4797 350 4871 (ta)
365 4793 526 4847 deluduntur
542 4784 639 4865 legitur
648 4783 676 4864 iu
688 4780 828 4861 Appuleio,
839 4774 886 4832 lib.
898 4794 924 4833 ιν
936 4777 1056 4844 bletaru.;

254 4868 422 4934 lrrtrffrctutua
449 4857 519 4927 apud
543 4854 748 4923 Qtrtutrltanum,
771 4849 949 4925 lrb.x1,cap.
976 4850 1002 4917 l,
1030 4856 1058 4905 el

254 4937 465 4997 Tertullianum,
480 4929 515 4985 de
529 4926 626 4988 Pallio,
640 4938 699 4993 cap.
714 4922 741 4976 l.

291 5028 349 5099 (ab)
370 5025 436 5081 lere
450 5020 606 5077 estabest.a
622 5029 672 5071 ms.
686 5012 777 5079 Rern,
791 5020 827 5067 ert
841 5026 856 5067 a
877 5025 944 5067 niss.
961 5011 1054 5083 l‘omp.

255 5111 283 5159 cl
304 5099 396 5157 Utbtn.
414 5092 498 5149 Paulo
522 5097 582 5158 pust
606 5101 656 5140 urs.
684 5084 762 5139 Reor.
787 5084 813 5138 t'n
836 5082 985 5150 solitudine,
1012 5083 1056 5145 udi

256 5173 321 5229 Eun.
336 5170 386 5226 bls.
406 5164 501 5233 Putrrp.
525 5158 609 5231 priori
623 5158 755 5227 scriptura
770 5157 796 5209 in
814 5154 988 5223 solitudinem,
1003 5168 1053 5223 po·

255 5242 361 5302 nteriori
386 5247 476 5293 autern
492 5234 519 5285 iu
544 5228 693 5292 solitudine,
716 5227 759 5281 ulti
782 5224 872 5281 Erum.
902 5226 965 5281 llaec
989 5232 1054 5280 ilem

256 5316 336 5371 lectio
363 5310 476 5365 imitetur
496 5305 524 5358 lu
544 5302 623 5356 codd.
646 5299 765 5365 Trrlcnt„
781 5297 840 5351 l'at.
866 5306 893 5352 et
913 5296 978 5352 Zeu.
1002 5297 1053 5352 bis.

255 5397 344 5442 aretem
359 5379 425 5438 Urb.
441 5369 684 5435 dilectumdilectum
708 5368 772 5422 Ean.
797 5368 865 5423 Hinc
881 5382 931 5421 vox
946 5369 1055 5422 circnm-

255 5472 354 5530 scpmnr
367 5456 394 5508 in
411 5449 491 5505 editis
504 5445 608 5499 uidetur
626 5441 738 5506 inserta,
765 5447 794 5493 ut
817 5454 851 5494 ne
875 5452 955 5518 uoces
978 5455 1053 5494 muro

255 5526 379 5585 cnstitetia
392 5532 529 5591 suspensae
540 5520 651 5569 starent,
666 5511 723 5565 ilac
748 5509 782 5565 dc
797 5523 877 5564 causa
896 5524 1053 5577 circunuep-

254 5611 307 5655 tnnt
318 5597 485 5653 retinuimus.
500 5586 566 5643 Post
578 5597 661 5655 pauca
673 5581 787 5637 ineditis
801 5580 884 5650 culpe
894 5583 1051 5650 succumbet,

254 5675 281 5730 iu
296 5685 344 5726 rus.
361 5668 439 5722 llern.
454 5660 533 5731 culpa
544 5653 700 5710 succurrunt.

291 5761 349 5837 (ll)
364 5753 514 5819 butrium,
526 5766 560 5808 es
571 5762 635 5805 mss.
650 5745 890 5803 discurreremus.
900 5744 1053 5818 decemuiri

1143 4424 1201 4499 (lb)
1216 4426 1279 4481 ilss.
1297 4424 1380 4483 Urbiu
1397 4437 1425 4485 ct
1443 4429 1538 4501 Pomp.
1559 4429 1716 4501 adiecerunt.
1819 4482 1824 4493 ,

1143 4518 1204 4594 (dil
1217 4516 1458 4589 Compendiuumon
1479 4531 1534 4577 bum
1546 4522 1579 4580 de
1591 4524 1767 4591 parcimonia,
1801 4538 1861 4578 uam
1877 4525 1913 4581 de

1107 4590 1241 4646 brevitate
1254 4590 1368 4653 dieitur;
1385 4594 1457 4648 unde
1469 4594 1648 4663 conrpendiunr
1659 4600 1709 4650 aire
1722 4611 1771 4664 pro
1811 4596 1912 4651 rcrinri

1109 4662 1151 4715 ria
1178 4662 1387 4728 surrupticium,
1413 4666 1450 4719 lib
1462 4681 1489 4733 r,
1504 4681 1565 4735 cap.
1584 4667 1612 4727 5,
1629 4667 1737 4721 docendi
1761 4668 1913 4739 rnrnpmdin

1109 4731 1180 4802 apud
1192 4733 1396 4802 Quintilianum,
1415 4736 1462 4789 lib.
1476 4751 1495 4799 r,
1508 4752 1569 4804 cap.
1589 4739 1612 4801 l,
1626 4752 1675 4806 pro
1693 4738 1826 4795 breuitate
1837 4752 1911 4808 pne·

1108 4812 1248 4873 ceptorum
1263 4805 1406 4874 reperitur.
1420 4806 1458 4861 lm
1472 4809 1553 4863 etiam
1566 4809 1690 4865 Susanna
1707 4809 1804 4864 mortis
1817 4809 1910 4866 odisse

1109 4890 1200 4931 moras
1213 4875 1327 4931 traditur
1341 4877 1449 4948 pudoris
1472 4879 1634 4950 compendia,
1657 4881 1782 4936 uirnirum
1797 4890 1827 4935 ut
1845 4882 1910 4938 bre·

1107 4945 1168 5001 rior
1182 4955 1255 5002 esset
1269 4947 1364 5015 pudor,
1378 4965 1431 5018 quo
1445 4950 1526 5011 nimis
1540 4951 1653 5007 moleste
1666 4952 1826 5021 angebatur.

1144 5036 1202 5108 (ill)
1218 5036 1391 5106 Profietitiunt
1406 5040 1488 5104 editt:
1505 5056 1569 5097 nass.
1582 5041 1673 5105 Rem..
1687 5041 1795 5112 Portam,
1811 5039 1906 5098 Urbiu.

1109 5109 1289 5178 profectitium,
1302 5118 1330 5163 et
1339 5112 1407 5166 bene
1419 5130 1426 5166 :
1439 5111 1620 5183 prolectltiutu
1631 5115 1703 5169 enim
1715 5115 1823 5178 dicitur,
1835 5112 1911 5183 quud

1107 5179 1221 5233 aliunde.
1242 5184 1377 5249 prouenit,
1405 5190 1434 5237 ut
1464 5184 1596 5239 Susannte
1620 5186 1727 5255 quidem
1753 5184 1909 5254 impositum

1107 5253 1211 5305 crimen
1224 5265 1239 5305 a
1254 5267 1348 5308 senum
1361 5254 1496 5309 calumnia
1512 5259 1653 5326 pmccssit.
1666 5257 1694 5310 ln
1704 5270 1755 5311 ms.
1766 5254 1827 5311 Tol.
1844 5253 1910 5309 Pro·

1108 5323 1168 5390 secti
1186 5337 1244 5375 eum
1268 5327 1363 5379 crimen
1408 5327 1492 5396 requie
1516 5325 1642 5392 redditur,
1667 5326 1712 5382 aed
1732 5327 1815 5381 scelus
1832 5343 1909 5380 ruunt

1107 5392 1214 5447 laudent
1238 5405 1363 5450 auctores.
1400 5395 1482 5451 imilla
1507 5397 1607 5453 babent
1625 5414 1691 5454 mss.
1715 5396 1775 5452 Vnt.
1798 5407 1827 5453 et
1841 5396 1906 5453 Urb.

1106 5461 1197 5518 Codex
1211 5477 1300 5520 autem
1317 5465 1395 5522 Rern.
1419 5482 1480 5523 cuni
1501 5468 1595 5539 Pomp.
1619 5468 1798 5540 Profectitiurn
1812 5470 1907 5522 crimen

1140 5537 1220 5607 opnor
1244 5536 1446 5592 redditurrsed
1467 5540 1550 5593 serlus
1568 5555 1628 5595 anna
1650 5540 1758 5595 laudent
1781 5552 1907 5594 auctores.

1129 5616 1171 5659 nst
1185 5621 1268 5673 pauca
1276 5607 1462 5675 inrpndicitimu
1472 5611 1630 5675 renitentem,
1640 5613 1666 5667 in
1681 5618 1731 5667 nas.
1744 5611 1821 5667 Rern.
1833 5625 1843 5675 ,·
1855 5610 1910 5667 eui-

1107 5687 1208 5740 tentem,
1228 5679 1253 5731 in
1269 5676 1376 5743 Urbim,
1387 5696 1435 5748 pro
1448 5681 1610 5750 impudicitia
1623 5684 1758 5738 renitente
1778 5691 1827 5738 :et
1842 5682 1908 5736 iteru

1107 5758 1169 5818 post
1182 5762 1247 5804 nias.
1264 5759 1379 5821 quatuor
1389 5766 1439 5822 pro
1453 5752 1596 5809 traianum
1609 5755 1732 5811 scribunt
1746 5752 1882 5809 Memor.
