4142 6175
838 308 881 364 [lE
902 295 1024 363 tautitl
1043 298 1188 365 lidonis
1207 306 1344 364 laedent
1829 302 1880 360 tat

173 304 176 309 ’
230 317 284 374 aaa

233 433 529 507 nipcsimnaacptimnsin
539 426 1028 500 coriamettCotniopoanircpntrta.nuu
1042 422 1068 486 A
1082 426 1123 480 uia
1136 438 1265 482 canerent
1281 445 1287 481 z
1304 425 1416 498 Mopsus
1430 426 1543 481 Esoeisr‘.
1555 425 1584 480 lu
1596 414 1679 479 Pesla
1694 420 1883 479 Natalladior·

231 535 306 584 etium
319 537 431 597 tenpore
444 520 584 592 Dionysius
596 517 642 573 i'ir
652 514 888 574 Reoormdisaimaa
901 532 917 571 ιι
929 515 962 572 Β.
978 515 1029 572 Ρι-
1081 528 1122 589 tpr
1138 516 1252 572 Conciti.
1266 514 1305 572 lta
1322 526 1350 572 et
1364 517 1391 573 iu
1406 514 1568 573 lectionibus
1590 514 1718 586 religioni
1744 513 1882 571 nausiam

233 632 272 677 no
286 617 410 688 apostolo
423 614 562 687 viperinam
575 622 661 667 amna
670 624 786 667 rontano
798 609 951 684 presidebat
977 607 1029 663 lio·
1081 624 1299 667 commertiorum
1322 608 1478 681 Martyrium
1499 608 1526 664 iu
1550 608 1632 664 liceto
1644 606 1833 664 Ordinatiouis
1849 606 1879 666 S.

232 712 336 779 etesiae,
351 709 379 764 ιιι
395 707 535 762 Provincia
551 700 640 761 italio
657 705 799 761 incivitate
817 702 917 759 Verona
932 701 963 757 il.
979 701 1029 756 Zo-
1082 699 1210 768 Zenonis,
1224 716 1309 774 unare
1328 704 1356 758 in
1371 716 1437 774 pace
1454 703 1611 758 detructum
1628 702 1713 758 inisse
1737 702 1882 773 imolensi:

232 803 309 860 aonia
328 808 388 855 acto
409 799 568 854 claruerunt.
594 797 697 852 Desunt
717 810 782 852 aero
808 794 867 851 llaec
883 812 890 849 ε
906 794 1029 862 Quantus
1083 798 1204 872 llartyrii
1218 807 1307 854 tamen
1323 798 1523 871 aequipollentia
1534 798 1615 855 rerba
1629 799 1731 855 intacta
1745 797 1887 869 relinque-

234 897 309 968 pluro
321 893 373 947 aiut
388 890 495 945 nuntiem
505 890 532 943 ln
543 890 701 943 nacaratacio
711 896 799 943 nostro
810 887 956 955 denomino
966 888 1027 954 isto,
1084 893 1158 958 bant,
1174 903 1204 946 ut
1218 893 1244 947 iu
1256 891 1351 948 eandem
1367 892 1481 966 hymno,
1500 892 1625 949 Pautalia
1641 892 1743 949 Sancti.
1760 891 1816 947 Pro
1831 890 1886 947 Deo

234 998 310 1058 quem
323 996 367 1039 aaa
380 982 475 1037 dicitis.
490 979 556 1048 erca
573 979 599 1035 itt
619 978 692 1035 editu
710 979 835 1050 iugulatur
846 993 919 1034 rrum.
932 978 961 1035 i.
976 977 1032 1034 tiu·
1085 983 1186 1038 tundam
1204 982 1327 1054 potiendo
1338 992 1462 1051 mutem,
1473 984 1533 1040 cinit
1546 984 1573 1039 in
1591 994 1685 1040 mum.
1703 983 1732 1039 lu
1751 983 1805 1040 hcc
1819 998 1887 1040 aero

234 1090 312 1133 tuero
324 1089 391 1130 rero
405 1074 422 1129 5
434 1076 460 1128 iu
475 1074 548 1127 edito
563 1071 660 1144 iegitur
675 1088 682 1125 ι
700 1070 758 1139 Quo
774 1070 805 1127 S.
824 1066 873 1125 Dei
887 1068 1031 1143 Episcopus
1086 1090 1138 1129 nra.
1158 1075 1333 1143 pistoriensi,
1345 1076 1417 1146 qnod
1436 1090 1523 1147 uesper
1535 1076 1827 1143 commemoramus,
1843 1076 1886 1132 le·

234 1164 296 1224 dnm
310 1169 358 1223 itan
372 1176 468 1240 raperet,
483 1174 541 1220 outo
554 1164 677 1236 peruenit,
693 1178 769 1233 nunna
779 1161 816 1230 iti,
829 1164 872 1234 qui
885 1164 958 1218 missi
970 1167 1033 1235 [ιιι
1085 1168 1159 1239 pitter
1176 1168 1232 1224 :ln
1250 1167 1303 1224 Dec
1320 1170 1425 1225 tundam
1446 1170 1567 1241 potiendo
1585 1178 1702 1223 mortem.
1719 1167 1748 1222 lii
1761 1169 1805 1224 cui
1818 1182 1886 1225 vero

234 1270 310 1326 runt,
326 1258 429 1314 senilitas.
442 1256 469 1311 ln
482 1271 532 1311 ms.
547 1264 632 1311 teror
647 1254 759 1310 Sanctae
772 1269 873 1324 quoquae
884 1252 1032 1324 lipiacopua
1087 1259 1146 1315 iaaac
1157 1274 1210 1317 uon
1222 1262 1382 1332 probamur,
1401 1270 1506 1317 certum
1523 1271 1612 1316 tamen
1630 1269 1688 1325 est.
1705 1261 1764 1317 nuc
1777 1262 1886 1331 malem,

236 1366 295 1408 enm
312 1350 388 1405 celeri
408 1347 612 1421 peroprirmticuc
635 1348 684 1401 t'iit
706 1358 808 1418 inertia
827 1354 887 1401 aiii
907 1346 1032 1417 adimit·
1086 1360 1115 1409 et
1135 1353 1312 1421 arroteritae,
1328 1362 1355 1408 et
1374 1352 1546 1419 'iraditioni‚
1571 1351 1686 1423 aliisquo
1709 1352 1885 1423 conjecturis,

236 1463 314 1517 quum
333 1446 377 1512 iti,
397 1443 442 1514 qui
460 1443 532 1497 otiari
550 1442 668 1514 sumunt,
682 1440 785 1495 utilitas.
812 1436 915 1522 Desinit
936 1451 988 1493 uta.
1006 1440 1032 1493 iu
1088 1458 1157 1514 quas
1171 1445 1373 1505 recensuimus.
1389 1445 1479 1500 inniti.
1499 1445 1691 1516 excogitatum
1705 1460 1771 1501 veru
1785 1446 1889 1503 Gallie·

239 1537 395 1596 narratinne
407 1536 544 1604 liiraculi,
559 1550 614 1606 quc
626 1532 740 1591 Callieui
756 1532 810 1589 iriia
829 1548 846 1587 a
864 1532 988 1589 demone
1002 1533 1034 1589 li·
1090 1550 1154 1590 rrum
1166 1536 1375 1607 aaeculoqnano
1389 1537 1423 1592 ab
1433 1537 1601 1606 imperatore
1613 1536 1886 1595 Calliouodircrsnm

239 1632 332 1687 noran
350 1628 420 1695 init,
436 1628 486 1684 nac
505 1625 539 1682 de
551 1640 643 1691 caasa.
660 1635 689 1680 ut
702 1635 783 1697 puto,
796 1624 867 1695 quod
879 1623 1033 1682 Soractinae·
1061 1658 1064 1663 ι
1088 1628 1162 1684 nulla
1182 1626 1292 1685 'ratione
1314 1629 1419 1695 iuleiri;
1438 1638 1467 1685 ιιι
1485 1640 1518 1686 cr
1546 1631 1579 1686 ila
1600 1640 1661 1702 otta
1681 1631 1716 1686 alr
1732 1630 1811 1687 initio
1834 1632 1887 1690 irue

241 1722 330 1778 uicies
341 1721 370 1779 S.
386 1719 525 1776 Frarrcisci
544 1717 656 1789 aegere
678 1716 813 1783 addicta,
837 1716 947 1774 Festum
971 1727 1032 1772 tarr·
1088 1736 1173 1791 nsque
1190 1720 1337 1791 ponderata
1354 1730 1427 1788 serat,
1447 1730 1475 1777 et
1493 1734 1526 1778 aa
1541 1720 1586 1791 iis,
1603 1732 1665 1794 quo
1678 1733 1742 1780 maa
1757 1723 1886 1794 subjicie-

243 1812 385 1869 mmmudo
399 1812 429 1869 S.
444 1809 564 1867 Zenonis
577 1809 749 1866 celebrarent
761 1808 820 1865 siue
835 1820 944 1877 octana,
961 1818 992 1865 ut
1009 1816 1037 1866 at
1051 1814 1076 1876 Β
1089 1824 1163 1877 mus,
1179 1812 1330 1880 constabit,
1341 1822 1368 1867 at
1379 1813 1468 1882 primo
1482 1832 1489 1867 ι

241 1906 371 1977 praesenti
383 1915 506 1974 tempore
519 1902 560 1970 na,
572 1902 687 1972 ideoque
698 1902 829 1957 aolaaeas
840 1901 971 1957 lectiones
986 1916 1034 1971 pro
1125 1904 1223 1960 Mirum
1241 1904 1309 1959 iilud
1326 1905 1438 1976 (ocima,
1456 1905 1599 1977 pucenico
1621 1900 1736 1962 Cniiicni
1751 1905 1822 1963 Filio
1835 1905 1872 1963 Ze

240 1996 509 2057 celebrandooiiicio
523 1996 868 2069 silriccmpararunt‚quae
886 2010 935 2066 pro
954 1995 1036 2052 Festo
1087 2013 1155 2053 nona
1174 1996 1209 2052 ud
1227 1995 1415 2067 imperatorem
1437 2012 1482 2069 per
1497 1999 1601 2054 nuntior
1625 1999 1708 2053 codic
1732 2014 1748 2053 ιι
1771 1999 1887 2056 mua

241 2091 286 2148 die
301 2091 362 2147 usui
381 2100 469 2159 erant,
487 2098 620 2158 ceteras,
633 2102 695 2159 quoe
708 2102 758 2159 pro
772 2086 868 2145 diebus
881 2099 984 2145 octavos
997 2089 1037 2146 ie-
1087 2088 1196 2144 tiicroto
1215 2089 1324 2159 mirilico
1341 2091 1469 2157 truditur,
1490 2090 1589 2147 littoris
1606 2105 1661 2148 uorr
1681 2088 1765 2150 trinae
1789 2108 1804 2149 a
1821 2108 1890 2165 quo

239 2183 389 2255 gelnnuuu,
415 2181 591 2247 orarittentes,
618 2180 646 2236 iu
674 2179 774 2251 quibus
804 2180 907 2251 reliqna
930 2179 1035 2252 digesta
1088 2185 1160 2254 piam
1195 2183 1340 2251 traditum,
1376 2184 1462 2241 assari
1490 2185 1602 2240 minima
1622 2194 1723 2256 potest.
1754 2186 1889 2259 Numquid

239 2285 334 2342 erant,
350 2289 411 2346 qua
425 2282 485 2347 post
505 2270 695 2329 liberationem
717 2270 795 2328 Filiae
814 2268 930 2329 Gallieni
944 2272 970 2329 in
982 2288 1035 2330 ms·
1088 2279 1113 2334 ai
1145 2277 1176 2335 S.
1207 2277 1325 2334 Zenonis
1358 2287 1418 2334 aeta
1452 2279 1479 2333 in
1505 2278 1668 2335 Diocletiani
1699 2282 1889 2351 persecutione

241 2366 440 2425 describuntur.
1088 2372 1216 2444 perierat
1235 2370 1304 2426 Num
1343 2379 1465 2427 aetorum
1496 2371 1628 2429 Ecclesiae
1661 2371 1828 2430 Veronensis
1860 2383 1890 2431 et

277 2456 410 2514 incertam
435 2455 668 2515 licetacdubiam
678 2454 883 2514 harrcearudem
899 2460 1036 2517 narratio·
1088 2463 1325 2520 llouumcmurum
1344 2464 1522 2521 vetustiorum
1542 2464 1659 2522 indicem
1679 2462 1801 2537 prolerre
1820 2478 1885 2539 pos-
1930 2494 1943 2505 ·

242 2565 304 2607 uem
317 2549 499 2615 crediderim,
515 2548 543 2607 el
562 2548 649 2605 adhuc
663 2550 792 2620 eredam,
818 2559 938 2609 attamen
959 2568 1037 2626 aper·
1088 2572 1204 2624 sumus.
1225 2558 1252 2614 in
1268 2573 1321 2629 qno
1336 2557 1404 2614 nilrii
1419 2559 1454 2614 de
1468 2573 1500 2614 eu
1512 2572 1544 2614 re
1558 2557 1716 2615 adrrotatnm
1728 2559 1889 2616 rideamus!

245 2647 342 2704 eiusde
355 2646 464 2718 eaqrsid
477 2645 610 2714 sentiam,
623 2645 763 2702 remelius
776 2647 947 2703 considerata
963 2657 1039 2719 pate·
1088 2651 1184 2709 Nonne
1207 2651 1333 2709 incendio
1354 2659 1409 2708 tota
1430 2651 1487 2707 iere
1509 2650 1616 2708 ierom
1640 2660 1801 2723 consumpta
1822 2655 1888 2709 aaut

242 2746 334 2803 iacere
352 2757 407 2801 noir
422 2741 549 2801 verebor.
568 2740 673 2797 Nomen
696 2741 763 2798 iliud
788 2740 894 2799 Notora'i
916 2745 1038 2804 additum
1090 2754 1171 2813 ancon
1182 2768 1251 2825 ergo
1265 2766 1326 2823 quse
1340 2749 1374 2805 ad
1391 2760 1442 2805 uus
1461 2763 1547 2819 eaque
1564 2748 1668 2816 scriptio
1682 2762 1737 2805 nou
1752 2762 1887 2819 perrene-

242 2834 657 2896 Coronatoaideturinnueres.
669 2833 882 2891 Zenonisiitam
894 2838 1036 2909 aquodam
1090 2856 1165 2914 runa,
1178 2846 1276 2901 litteris
1287 2841 1413 2899 nraudata
1427 2855 1482 2897 uon
1496 2837 1591 2907 teresse,
1607 2839 1754 2897 dieatrdutu
1766 2847 1819 2896 noa
1833 2851 1885 2897 est.

242 2932 365 2997 Nolanis,
382 2930 427 3002 qui
443 2928 660 3001 persecutionum
677 2938 800 2999 temporo
811 2930 877 2985 licta
892 2929 1039 3005 liartyuum
1091 2943 1113 2999 Ε
1131 2941 1268 2999 vernetum
1283 2949 1374 2995 amum
1391 2934 1517 3006 acceptia,
1535 2947 1596 3006 qum
1610 2933 1645 2990 da
1659 2933 1689 2990 s.
1709 2934 1820 2991 zenone
1840 2935 1889 2990 n..

243 3024 447 3091 consutilem,
458 3032 486 3081 θῑ
501 3021 534 3079 D·
548 3021 650 3078 Zennui
661 3031 888 3094 c⁰¹¹¹i¹¹il>0ii¹¹⁰0
900 3036 1039 3083 exaratam
1092 3034 1188 3091 nomm
1206 3029 1318 3090 coniecta
1333 3030 1406 3095 iicet,
1421 3027 1562 3084 derivasse
1579 3040 1613 3083 ea
1627 3041 1662 3083 eu
1672 3026 1886 3095 demonstratur,

242 3125 339 3181 luisse.
353 3120 432 3192 orrud
449 3135 514 3177 aero
525 3119 585 3175 irae
597 3118 652 3174 nita
663 3119 841 3174 inserilnatur:
855 3121 947 3177 Serum
960 3120 1041 3178 Vane·
1092 3125 1165 3200 qrrnd
1181 3125 1208 3180 in
1222 3125 1266 3192 iis,
1280 3139 1340 3194 quoe
1354 3122 1405 3177 arab
1425 3119 1553 3176 Coronati
1575 3119 1677 3176 liuterii
1701 3120 1812 3176 aomina
1825 3128 1889 3175 snat

241 3219 330 3277 suillis
348 3215 481 3283 Coronati,
495 3222 563 3281 ete..
591 3212 642 3269 irae
658 3211 720 3269 ideo
739 3210 839 3270 lactum
863 3213 946 3271 tuisse
964 3223 1039 3285 putu,
1054 3208 1078 3272 C
1094 3218 1177 3283 edita,
1193 3215 1291 3288 iegitur
1307 3234 1314 3270 ι
1331 3213 1478 3269 decicimas
1492 3213 1557 3267 tanti
1574 3211 1632 3268 Viri
1650 3211 1773 3269 Volutet.
1793 3212 1889 3268 adiro·

241 3310 312 3383 quud
329 3308 502 3365 iniectiones
518 3319 566 3375 pro
580 3303 677 3359 llinino
691 3301 786 3359 0iilcio
802 3305 911 3361 redacta
927 3306 987 3373 init,
1003 3322 1038 3363 co
1090 3318 1150 3366 tatu
1162 3308 1195 3365 ad
1213 3306 1363 3363 limaverim
1381 3303 1489 3361 Domini
1504 3305 1641 3360 liailrriuli
1655 3322 1663 3359 ι
1676 3302 1785 3361 Comae
1795 3322 1826 3361 oc
1839 3309 1889 3360 iano

241 3404 313 3476 qttod
329 3398 496 3456 Veronensis
510 3396 639 3454 Ecclesiae
654 3395 791 3452 traditioni
806 3397 954 3454 eouiermis
966 3407 1035 3456 erat.
1089 3418 1158 3466 uoce,
1175 3400 1312 3464 minimas,
1328 3398 1454 3469 seriptum
1465 3394 1565 3465 oiiqaid
1583 3404 1642 3452 ann
1661 3394 1819 3452 Coronatus
1832 3399 1889 3453 eai-

241 3496 329 3565 Quare
348 3508 402 3549 non
418 3490 532 3546 multum
552 3504 568 3544 a
588 3489 734 3546 verosimili
749 3489 851 3546 distare
867 3490 974 3547 uidetur
986 3507 1035 3546 uu·
1088 3494 1175 3550 arissam
1195 3490 1227 3544 dc
1240 3488 1352 3545 Zenonis
1369 3488 1446 3559 pesas
1460 3487 1548 3551 ‚unde
1561 3486 1599 3553 ia,
1618 3502 1675 3557 onoc
1693 3487 1785 3543 litteris
1801 3491 1886 3543 eonsi-

242 3587 355 3659 tiquitaa
374 3584 469 3641 luciana
491 3581 615 3653 quaedam
630 3579 714 3638 inisse
729 3592 836 3652 reperta
851 3580 929 3653 hunius
945 3582 1035 3639 ritmo
1088 3584 1186 3658 penult,
1202 3580 1315 3637 eliberit.
1335 3578 1406 3635 lilleil
1431 3576 1503 3633 alind
1524 3577 1643 3633 alienant
1664 3593 1741 3633 erum
1763 3578 1834 3634 nanc
1851 3579 1887 3635 ad

240 3683 377 3738 seronato
389 3675 663 3747 acaemetensium,
679 3691 731 3730 uuir
743 3690 808 3730 aero
821 3684 915 3745 totam,
930 3692 990 3745 num
1002 3678 1036 3733 ub

242 3773 301 3844 ipsa
320 3770 473 3840 conscripta
497 3767 556 3824 luit.
584 3766 753 3838 Quapropter
769 3766 802 3823 ad
816 3769 939 3825 eamdem
952 3771 1035 3826 viteam

241 3859 449 3920 continuandam
465 3858 517 3914 alia
532 3858 567 3914 ab
586 3858 647 3914 aliis
662 3857 764 3915 iarsecta
779 3858 842 3914 siut.
859 3858 926 3917 iloc-
940 3861 1036 3917 snrrdet

240 3952 466 4017 dicernimus,
482 3963 545 4006 uam
564 3949 785 4014 centemnens,
801 3964 861 4018 quos
877 3950 905 4006 S.
919 3951 1035 4008 Zenonis

239 4044 339 4102 iustum
352 4041 546 4107 celebrabant,
563 4040 749 4112 imperfectam
765 4039 796 4097 S.
809 4040 926 4098 Zenonis
940 4043 1033 4112 uitam,

239 4151 271 4192 ac
285 4150 397 4206 paucae
413 4133 523 4191 Notario
533 4141 664 4190 carcerato
682 4132 781 4204 scripta
800 4131 943 4200 riderent,
958 4134 1034 4204 quis·

1088 3671 1301 3730 coniirmaudam
1314 3669 1464 3735 cautelam,
1475 3668 1547 3739 quud
1561 3669 1587 3725 ld
1598 3669 1736 3726 ostendet.
1750 3669 1819 3738 Quin
1834 3686 1886 3728 ma.

1088 3765 1246 3823 Pistoriensi
1265 3762 1337 3835 quod
1355 3760 1525 3833 proferemus
1548 3761 1663 3818 irrisum
1688 3773 1782 3833 aperta
1807 3777 1888 3818 turns-

1089 3869 1143 3927 ιιι.
1157 3875 1190 3916 es
1208 3856 1408 3928 antiquioribus
1419 3871 1486 3912 mss.
1501 3871 1552 3925 ea,
1569 3867 1630 3925 uuae
1649 3867 1722 3913 nnnc
1743 3855 1885 3922 hisnem,

1088 3961 1149 4002 csse
1170 3945 1325 4014 desumpta.
1343 3940 1401 3998 Nos
1418 3943 1523 4012 urnac,
1546 3942 1604 3999 lioot
1618 3942 1662 4008 iia,
1676 3943 1720 4013 pari
1734 3944 1798 3998 teda
1810 3958 1887 3999 coar-

1087 4037 1208 4108 cripsere,
1221 4037 1302 4092 ιὶιιιιιι
1311 4036 1434 4106 inspersa,
1442 4043 1465 4088 ct
1479 4034 1580 4104 ριιιίιιιι
1592 4033 1817 4107 tidaaprinrmda,
1829 4052 1887 4106 aare

1086 4129 1211 4201 posumus
1225 4126 1390 4198 inefficaces,
1409 4127 1537 4197 cuonrado
1549 4128 1587 4182 rei
1599 4128 1735 4183 anemium
1752 4129 1886 4184 ιιιιοιιιιιι

1086 4222 1236 4294 compositio
1247 4236 1298 4277 non
1312 4222 1471 4294 ιιᾳιιιριιιαι,
1481 4237 1513 4278 ιιι
1527 4232 1612 4278 tuanen
1623 4237 1686 4294 nure¹
1701 4222 1734 4278 aia
1748 4222 1781 4278 B.
1797 4223 1885 4280 Zeno-

1087 4317 1127 4372 nis
1155 4316 1307 4383 Virtutibus,
1335 4316 1374 4371 aei
1394 4316 1512 4388 scalptis,
1537 4315 1578 4371 act
1602 4317 1758 4372 ιιιιιιιίιιιιιιι
1772 4318 1885 4374 adicem

238 4247 293 4304 que
306 4245 367 4304 qnae
382 4230 496 4286 deerant
508 4226 737 4285 curaritdiversis
747 4226 856 4297 cuidem
866 4227 956 4284 verbis
970 4243 1034 4299 sup·

238 4326 326 4398 plere,
340 4340 402 4391 enm
416 4340 471 4380 non
483 4324 554 4378 untia
568 4322 595 4378 in
608 4320 645 4388 id,
661 4319 709 4378 sed
724 4320 815 4391 piures
828 4322 974 4392 separatim
990 4323 1032 4379 inf

236 4419 398 4476 aaruharent
410 4435 418 4472 z
431 4430 528 4472 omues
542 4425 646 4482 tamen,
656 4428 716 4485 quus
730 4414 758 4470 in
770 4415 892 4482 cartulis,
908 4415 1033 4474 scuroli-
1085 4410 1223 4474 noluimus,
1248 4410 1415 4466 disseramus.
1441 4408 1508 4478 Quae
1529 4419 1622 4466 autem
1645 4410 1709 4466 narie
1721 4424 1791 4466 msa.
1817 4409 1886 4466 lidae

237 4511 307 4582 quiis
320 4508 483 4580 scriptorum
496 4506 625 4563 Coronati
642 4505 801 4576 legebantur
816 4508 976 4576 retinentes,
989 4507 1033 4565 nel
1086 4500 1209 4558 haherrde
1225 4502 1275 4568 ait,
1291 4516 1325 4558 2¹
1342 4499 1455 4558 inferius
1480 4501 1643 4558 fflfliiiiidli
1665 4503 1812 4559 tmldbli·
1841 4504 1882 4559 Εἰ

238 4601 308 4659 lorte
326 4599 428 4671 aliquid
447 4598 595 4664 addentes,
611 4595 682 4668 quod
697 4612 750 4653 uun
771 4596 798 4653 in
823 4600 950 4655 ouantibus
965 4614 1031 4654 mas.
1046 4595 1203 4671 presiduis
1216 4594 1306 4667 itaqrre
1321 4594 1450 4660 cartulis,
1465 4608 1526 4665 qnae
1543 4593 1578 4650 de
1593 4595 1723 4651 Coronati
1735 4594 1838 4651 dotarii
1849 4593 1881 4650 S.

235 4693 388 4765 inspicitur,
412 4701 442 4748 nt
469 4688 552 4755 illud,
575 4687 705 4745 Sanctum
728 4688 833 4744 scilieet
858 4688 996 4746 Zenonem
1015 4705 1032 4745 a
1084 4688 1187 4747 Zenoni
1205 4687 1428 4759 contemporanei
1444 4687 1497 4743 vita
1517 4699 1726 4755 remanserunt,
1741 4688 1799 4744 incec
1813 4703 1881 4744 ern·

233 4786 326 4842 Matris
348 4795 424 4842 atera
445 4781 656 4841 saraodllcatum.
682 4780 840 4837 ordinatum
865 4782 1030 4853 Episcopum
1084 4783 1191 4839 ciuuata
1217 4780 1302 4837 inisse
1324 4795 1339 4835 a
1365 4779 1515 4836 verosimili
1539 4795 1594 4836 uon
1618 4779 1740 4847 alludi,
1760 4780 1885 4852 quinaria

233 4875 438 4942 Veronensum,
463 4883 491 4932 et
516 4873 627 4931 similia.
642 4872 703 4929 Alia
722 4872 919 4945 amplificasse,
931 4891 1030 4947 nempe
1084 4876 1157 4932 enim
1167 4872 1344 4941 aiiis,otaliis
1355 4873 1447 4929 aeriis
1460 4874 1487 4928 iu
1498 4874 1613 4931 dirersis
1626 4887 1693 4930 tuas.
1707 4875 1840 4945 lapsum,
1855 4876 1885 4931 in

233 4965 325 5023 omnia
350 4966 421 5022 idola
444 4964 561 5022 varona
584 4963 734 5021 destructa.
761 4963 856 5023 Plures
882 4965 1029 5024 adificatas
1083 4965 1679 5037 retamencoururrin1n3esqnoccniioitur
1707 4981 1820 5035 aarum,
1836 4966 1884 5032 ani

233 5055 383 5114 Ecclesiae.
407 5054 442 5112 Et
458 5053 523 5112 illud
537 5054 609 5127 quod
629 5053 747 5111 diuersis
766 5056 856 5112 verbis
869 5056 984 5128 exprimi
1001 5058 1028 5114 in

233 5165 286 5206 ms.
308 5149 410 5205 notari.
431 5146 460 5205 lu
480 5164 548 5221 pace
568 5148 726 5206 defunctum
753 5163 815 5208 esse
832 5152 861 5208 S.
882 5150 1029 5209 Zenonem.

233 5240 307 5300 ldem
325 5240 446 5318 quippe,x
457 5250 486 5298 ct
510 5241 537 5298 iu
558 5241 669 5315 hymnis
680 5242 781 5300 laetum
796 5244 879 5302 inisse
891 5244 1026 5315 ridemus,

233 5333 369 5408 precipue
382 5332 409 5389 iu
424 5332 526 5406 hymno
548 5333 677 5391 Poeantia
692 5333 784 5394 Sancti
796 5336 823 5395 in
839 5351 894 5407 quo
907 5335 1026 5408 iegitur:

231 5424 345 5499 lingnam
367 5424 471 5481 nocete
493 5424 576 5495 iuuat
598 5425 747 5496 Sacerdos,
761 5435 790 5481 nt
807 5427 834 5483 iu
848 5426 929 5484 editis
941 5443 957 5484 a
971 5427 1026 5484 Dn-

228 5514 478 5573 ruiuisliaileriuiis
501 5515 571 5572 inter
585 5528 761 5574 monumenta
783 5532 844 5590 pag.
870 5516 932 5573 tue.
960 5516 1027 5574 Fer·

226 5609 315 5665 rarius
334 5623 400 5666 rero
419 5623 454 5667 ex
466 5606 528 5664 aliis
539 5623 606 5664 uass.
624 5607 688 5681 legit
702 5626 709 5664 :
723 5608 825 5680 iiortpr
836 5605 941 5663 Ecceui
960 5609 1022 5681 fuit,

228 5714 253 5761 ιι
267 5703 407 5761 Sacerdos.
434 5703 488 5761 Pro
503 5702 584 5761 uariis
605 5716 722 5775 namque
742 5700 775 5756 li.
792 5701 911 5759 Zenonis
924 5701 1023 5760 solera-

228 5797 358 5859 niutiies
371 5797 452 5864 rerba
468 5796 618 5870 mutabam,
633 5795 670 5856 ita
694 5807 724 5860 ιιι
740 5799 767 5870 in
777 5798 848 5864 testo
866 5799 1022 5874 ordinatio·

1081 5057 1111 5116 S.
1128 5057 1248 5114 Zenonis
1264 5057 1393 5114 miracula
1409 5068 1610 5123 narraverunt,
1624 5074 1707 5116 unum
1721 5074 1779 5132 prae
1794 5059 1882 5116 maui-

1080 5149 1131 5208 bus
1145 5149 1272 5206 habuisse
1284 5150 1416 5220 scriptum
1430 5151 1555 5208 mutilam
1576 5151 1640 5208 licet
1655 5193 1664 5219 ,
1677 5162 1706 5209 et
1724 5166 1881 5220 carnosum,

1080 5242 1125 5300 eui
1139 5255 1201 5299 sese
1215 5240 1437 5300 conformariuta
1458 5256 1511 5298 uon
1540 5243 1623 5312 igitur
1655 5244 1735 5300 unica
1758 5244 1881 5316 populari

1079 5334 1229 5392 traditione
1243 5336 1368 5392 nituntur
1380 5350 1412 5392 ea
1423 5376 1431 5401 ,
1442 5350 1503 5406 qaae
1516 5335 1550 5392 de
1565 5336 1595 5394 C
1605 5335 1728 5403 Zenona,
1740 5347 1770 5393 et
1783 5337 1882 5407 meci-

1080 5443 1132 5501 pue
1145 5445 1204 5501 que
1216 5430 1251 5486 de
1263 5427 1379 5487 Gallieni
1399 5428 1466 5486 Filia
1486 5431 1587 5501 scripta
1610 5430 1748 5502 Ιιςιιιιιιιι.
1765 5431 1828 5488 llaec
1843 5431 1879 5485 aie

1080 5523 1164 5593 prima
1174 5523 1341 5595 conspectura,
1354 5539 1407 5595 qua
1418 5523 1524 5580 Domini
1539 5523 1679 5582 Baliariaii
1691 5525 1876 5582 narrationem

1077 5615 1221 5686 impetunt.

1111 5710 1194 5783 lingis
1205 5710 1327 5783 proiecto
1338 5712 1546 5786 umetsceunda
1555 5714 1638 5783 ratio,
1652 5728 1705 5786 qua
1720 5714 1803 5773 resia
1824 5715 1875 5772 iata

1075 5806 1102 5876 in
1115 5803 1242 5866 Coronati
1257 5806 1414 5868 atuaticos
1426 5815 1564 5876 aenaim.
1580 5806 1676 5879 tudina
1690 5809 1763 5868 ania
1782 5808 1806 5865 ιι
1833 5825 1850 5876 a
