4142 6175
163 282 235 340 itta
614 287 778 348 HlSTOth
795 287 1095 348 ‹mnthaumuhsts
1116 288 1354 352 cutthttottts.
1738 308 1809 365 tito
1855 252 1861 267 ι

162 401 239 459 nemi
255 403 372 472 primum
386 404 508 461 creuisse
526 403 613 463 altare
632 415 727 464 contra
746 408 855 465 altare:
879 408 958 465 sicuti
972 414 999 474 Α
1011 405 1113 471 rando,
1137 409 1324 478 ignosceretur
1348 423 1459 484 propter
1479 416 1603 473 eamdem
1626 420 1755 491 unitatis,
1783 426 1810 481 in

162 491 314 566 Cyprianus
328 495 409 552 simili
434 494 553 553 lormule
573 511 637 554 usus
655 509 733 555 antea
747 499 854 557 dixerat
869 500 958 556 Nora·
1010 514 1063 571 qua
1078 500 1253 559 nihilominus
1266 507 1376 575 mansit,
1390 508 1563 566 charitatem.
1575 512 1732 574 horatianis
1745 536 1810 577 roro

163 590 251 643 tianos
264 586 336 643 idem
352 588 463 656 iecisse,
483 590 532 646 scd
548 589 650 646 Rnnrac.
665 590 755 664 litque
769 591 819 647 boc
835 591 901 648 illud
917 601 959 647 cst
1010 591 1199 663 schismaticis,
1213 598 1258 669 qui
1274 598 1325 656 boc
1337 616 1430 658 errore
1442 602 1540 660 imbuti
1549 606 1583 663 ab
1595 608 1716 665 Ecclesia
1732 611 1809 671 delc-

161 678 317 736 schismatis
328 696 463 738 summum
478 683 596 751 malunt,
611 686 683 752 quod
704 695 733 741 ut
753 685 779 739 in
794 685 956 753 Donatistis,
1009 694 1115 754 ceraut,
1130 701 1183 742 non
1197 688 1392 760 ignosceretur,
1405 704 1433 750 et
1448 698 1533 752 multo
1545 700 1634 755 minus
1650 702 1808 762 Donatistis.

160 772 201 829 sic
210 779 239 830 ιι
251 785 332 831 antea
344 776 371 831 in
382 774 539 834 Noratianis
550 791 706 836 accusatum
717 788 770 846 est,
780 781 865 851 magis
876 796 957 851 quam
1007 776 1076 833 Nam
1090 787 1118 835 et
1131 780 1226 837 homm
1241 798 1322 856 quam
1338 785 1447 842 illorum
1459 790 1560 860 opinio,
1575 797 1700 864 quamuis
1712 799 1809 858 similis

160 862 299 922 haereseos
326 868 441 924 crimen.
474 867 557 926 Certe
584 870 729 941 liionysius
756 870 958 928 Alexandrinus
1008 880 1098 935 esset,
1122 874 1211 930 minus
1226 878 1410 935 excusationis
1430 879 1546 938 babebat
1561 902 1568 937 ε
1583 887 1646 956 qnia
1661 888 1810 953 bonatista

159 957 282 1015 scribens
303 959 337 1015 ad
351 960 678 1035 Noratisnum‚eumqne
699 964 740 1019 sui
762 963 844 1020 ollrcii
860 965 956 1022 admo·
1009 978 1063 1019 uon
1090 965 1250 1037 ignorabant
1284 969 1310 1025 in
1350 974 1466 1029 concilio
1491 979 1661 1036 oecumenico
1686 997 1808 1042 errorem

113 1112 120 1118 ,
160 1052 499 1126 neus,ait,cumquidris
515 1055 755 1126 laceredebuisse,
771 1059 957 1131 potiusquam
1007 1055 1082 1114 illius
1106 1058 1226 1116 diricani
1250 1065 1375 1133 concilii,
1398 1067 1470 1137 qnod
1493 1067 1635 1128 Noviciani
1659 1076 1810 1135 obtendere

158 1146 308 1204 Ecclesiam
330 1149 479 1207 schismate
493 1150 618 1207 scindere
634 1168 641 1205 :
658 1167 747 1223 neque
772 1162 825 1208 tarn
842 1153 956 1210 idolola·
1008 1153 1177 1222 potuissent,
1195 1155 1278 1212 luisse
1292 1155 1461 1216 damnatum.
1479 1162 1552 1221 luter
1572 1175 1694 1237 tenrpora
1709 1170 1810 1230 librati

160 1242 257 1311 triam,
280 1257 360 1315 quarn
385 1243 505 1301 schisma
531 1244 624 1315 lugere
647 1242 792 1312 doluisse,
817 1246 877 1316 quia
893 1261 955 1302 cum
1007 1253 1035 1301 et
1050 1246 1147 1302 Donati
1160 1247 1295 1305 sabellius
1310 1249 1416 1309 Alerct
1431 1255 1514 1311 ueluti
1536 1259 1642 1314 mertias
1656 1262 1745 1333 majus
1759 1265 1809 1321 ali·

158 1333 228 1391 hanc
240 1334 318 1406 lugit,
332 1336 504 1391 sibilantem
518 1345 598 1393 caret
610 1354 618 1391 r
632 1352 695 1395 cunr
710 1354 776 1393 nero
787 1338 872 1407 illud,
894 1340 953 1395 uui-
1005 1339 1071 1409 quid
1084 1340 1184 1409 audet,
1200 1350 1227 1398 et
1241 1343 1374 1401 Ecclesia
1388 1358 1470 1417 caput
1485 1349 1588 1421 ipsunt,
1605 1354 1656 1410 hoc
1668 1365 1711 1412 est
1724 1356 1806 1413 Chri·

158 1442 244 1485 rersm
257 1429 388 1486 Ecclesiae
408 1430 537 1487 consulit.
552 1430 642 1488 Testis
659 1441 702 1487 est
725 1432 906 1506 llicronymus
927 1435 954 1489 in
1005 1440 1078 1486 stum
1100 1431 1190 1503 ipsum
1214 1434 1299 1505 petit,
1325 1453 1405 1509 qrrem
1431 1457 1485 1497 non
1510 1443 1561 1500 nisi
1586 1446 1722 1505 hominem
1746 1467 1808 1509 esse

157 1519 245 1577 Catal.
261 1521 297 1578 Et
309 1536 376 1578 rcro
388 1522 542 1590 horatiani,
557 1523 581 1578 si
596 1523 752 1580 schismatis
767 1525 806 1582 rei
822 1541 875 1582 non
890 1526 952 1584 iuis·
1005 1523 1181 1584 clamitabat:
1195 1540 1277 1601 atquc
1292 1539 1322 1587 ut
1345 1531 1486 1591 Trinitatis
1501 1541 1662 1610 mysterium
1685 1544 1804 1614 tolleret,

156 1624 235 1684 sent,
261 1631 318 1673 sum
337 1615 372 1672 de
395 1614 480 1687 lapsis
504 1616 591 1688 deque
613 1616 804 1674 hereticorum
820 1618 955 1689 baptismo
1006 1632 1059 1674 nun
1075 1618 1157 1676 modo
1175 1614 1281 1679 tunicam
1295 1623 1446 1683 divinitatis
1460 1632 1567 1697 οὐσίαν.
1592 1633 1641 1690 scd
1659 1635 1741 1692 etiarn
1757 1636 1808 1713 hy·

155 1706 293 1777 opinionis
316 1722 414 1763 norum
436 1718 464 1763 et
487 1708 609 1764 insolens
632 1710 790 1781 exemplum
816 1725 870 1766 non
892 1726 954 1768 esse
1006 1714 1126 1781 postasin
1149 1717 1259 1772 unicam
1279 1734 1341 1775 esse
1364 1722 1527 1780 contendit:
1552 1737 1580 1782 ct
1605 1728 1680 1795 baec,
1706 1731 1804 1805 Pater,

155 1796 249 1854 dicere
259 1797 377 1856 fortasse
392 1799 553 1870 potuissent.
569 1801 638 1868 Quid
653 1801 747 1858 enirn?
766 1802 828 1873 lpse
841 1802 954 1876 Cypria·
967 1791 992 1853 Β
1005 1802 1107 1875 Filius,
1123 1806 1242 1877 Spiritus
1255 1809 1381 1879 Sanctus,
1393 1829 1447 1871 non
1462 1832 1604 1887 personas,
1619 1821 1666 1878 sed
1682 1835 1806 1884 receset

155 1906 206 1948 nus
228 1892 254 1947 in
269 1893 383 1963 epistola
404 1892 438 1948 ad
461 1893 644 1950 Antonianum
665 1896 774 1965 scribit,
797 1897 868 1967 apud
888 1913 953 1955 suos
1004 1898 1087 1955 rerba
1114 1915 1176 1958 esse
1202 1902 1304 1960 docuit.
1331 1906 1452 1978 lienique
1479 1914 1588 1981 repetiit
1611 1917 1683 1985 quoti
1707 1920 1804 1976 eodem
1879 1918 1900 1971 ’,

155 1985 202 2058 (ut
216 1983 272 2058 ait)
285 1993 474 2044 antecessores
489 1988 516 2043 in
531 2003 579 2044 sua
594 1990 732 2059 prouincia
745 1990 877 2061 quosdam
892 1992 951 2062 cpi·
1003 1998 1126 2062 tempore
1148 1992 1250 2051 Paulus
1272 1995 1467 2057 samosatenus
1490 2005 1605 2064 antistes
1621 2011 1805 2071 dntiocbeuus

153 2091 251 2149 scupos
264 2094 318 2134 non
331 2080 470 2150 putavisse
488 2082 604 2137 dandam
621 2096 714 2152 pacem
730 2084 862 2152 ratechis,
882 2093 910 2141 et
923 2085 950 2141 in
1002 2084 1167 2142 inculcabat.
1188 2086 1319 2161 Capitalis
1339 2091 1388 2148 luit
1412 2093 1471 2152 hacc
1484 2096 1614 2166 haeresis,
1636 2103 1684 2159 sed
1699 2106 1806 2163 dirica·

154 2177 240 2226 totum
251 2168 384 2228 clausisse
403 2184 498 2229 contra
517 2173 649 2231 adulteria
670 2174 758 2232 locum
773 2177 949 2247 paenitentia.
1002 2191 1065 2233 nana
1080 2178 1230 2237 Ecclesiam
1246 2183 1337 2239 nrirrus
1358 2189 1535 2254 perturbavit·
1548 2208 1629 2263 qrram
1653 2195 1734 2254 lartio
1748 2200 1803 2256 lto·

152 2261 221 2330 Quid
236 2277 302 2320 reru
324 2274 354 2319 ut
374 2279 423 2322 eos
445 2275 592 2337 utcumque
611 2277 741 2336 excuset,
760 2268 874 2338 adjicit?
897 2268 951 2326 Sed
1002 2267 1081 2324 nati:
1104 2277 1133 2326 et
1154 2271 1216 2342 quia
1240 2272 1338 2329 Paulus
1363 2277 1559 2337 Sarnusatenus
1583 2284 1610 2339 in
1635 2288 1802 2348 dntioclrena

150 2366 246 2422 mnan,
268 2359 365 2430 inquit,
382 2376 400 2414 u
419 2360 631 2431 coepiscoporum
645 2378 752 2416 suorum
769 2362 879 2436 collegio
898 2378 950 2418 uon
1001 2362 1107 2436 synodo
1121 2367 1213 2421 statim
1227 2367 1371 2427 damnatus
1386 2370 1447 2439 luit,
1463 2375 1523 2431 diri
1536 2374 1668 2438 Catholici
1683 2401 1736 2442 non
1754 2405 1802 2457 qiu·

149 2459 327 2515 rccesrcrunt,
353 2468 435 2522 aeque
456 2453 592 2509 catholicae
613 2451 739 2509 Ecclesiae
759 2454 889 2515 ,unitatem
910 2453 951 2509 uel
1001 2463 1093 2511 urant
1111 2470 1174 2513 csse
1196 2473 1308 2515 necesse
1340 2471 1370 2516 ut
1391 2463 1424 2519 ad
1448 2465 1598 2527 Sabellium
1612 2473 1799 2536 damnandum

149 2524 304 2613 duritipuel
320 2556 436 2617 censure
448 2558 502 2599 suae
516 2544 687 2599 obstinatione
704 2554 839 2616 ruperunt.
861 2546 949 2618 litque
1000 2560 1131 2618 cogerent
1145 2565 1244 2609 norum
1264 2555 1410 2611 concilium
1427 2576 1435 2613 a
1451 2569 1478 2615 et
1491 2577 1556 2618 uero
1574 2565 1802 2632 sabellianismus

149 2634 176 2691 id
196 2633 306 2706 quidem
320 2635 404 2692 ctianr
424 2634 593 2708 Augustinus
615 2636 751 2710 Cypriano
773 2638 949 2698 subscribens
1000 2640 1055 2697 late
1069 2641 1097 2697 in
1117 2641 1206 2699 lliriea
1231 2656 1373 2717 grassatus
1393 2664 1456 2707 csse
1479 2670 1533 2710 non
1555 2657 1672 2718 ridetur.
1699 2664 1800 2723 Saltem

148 2729 293 2803 diligenter
315 2730 471 2787 observarit
495 2730 576 2802 epist.
597 2731 643 2788 tu.
669 2732 771 2791 hirritto
795 2733 866 2805 qnod
890 2734 949 2805 ipse
1000 2731 1112 2789 Sabellii
1125 2750 1178 2789 non
1190 2735 1279 2793 minus
1293 2754 1375 2809 quam
1390 2740 1501 2800 Praxeae
1513 2760 1560 2802 am
1575 2749 1729 2823 Marcionis,
1746 2775 1799 2815 non

148 2822 332 2880 Tertullianus
353 2824 409 2893 iam
432 2821 498 2879 olim
520 2824 645 2881 rideatur
669 2824 696 2880 in
719 2825 766 2883 lib.
782 2824 817 2883 de
831 2825 946 2883 Pudicit.
998 2821 1086 2878 sulum
1113 2824 1199 2894 vitia,
1226 2827 1275 2883 scd
1298 2839 1327 2885 et
1353 2834 1462 2890 nomina
1490 2836 1626 2898 hiricanis
1653 2847 1799 2918 provinciis

147 2916 279 2973 acerrime
286 2914 450 2981 deteruisse,
461 2916 533 2988 quod
545 2914 588 2972 hic
598 2917 751 2989 Cyprianus
763 2919 804 2973 ait
814 2919 946 2990 quosdam
998 2932 1085 2988 prope
1097 2918 1185 2990 ignota
1196 2936 1247 2977 sno
1260 2931 1382 2993 ternpore
1394 2926 1478 2986 luisse
1488 2931 1603 3002 Optatus
1614 2937 1679 2995 libr
1690 2944 1795 3003 scribit.

146 3017 210 3065 aute
221 3024 252 3065 se
264 3007 408 3080 episcopus
422 3009 570 3081 putavisse.
588 3009 642 3067 Sed
655 3009 839 3068 Tertullianus
851 3011 947 3069 Eccle-
997 3007 1135 3066 Praetcreo
1148 3011 1221 3083 quod
1234 3012 1362 3071 Calvinus
1385 3019 1411 3073 in
1431 3036 1480 3076 sua
1495 3021 1614 3082 institut.
1632 3031 1727 3087 scribit
1741 3034 1794 3092 Sa-
1834 3046 1839 3054 ·

145 3102 194 3159 sire
216 3103 348 3160 unitatem
368 3104 455 3174 rupit,
474 3104 517 3160 vel
540 3103 662 3173 duritise,
686 3101 728 3161 ιιι
750 3119 874 3163 censurae
888 3121 946 3164 suae
997 3101 1109 3159 bellium
1125 3116 1185 3177 post
1198 3108 1293 3165 drium
1314 3109 1408 3169 luisse.
1433 3112 1634 3178 Constatenim
1646 3123 1796 3186 sabellium

145 3193 342 3252 obstinatione.
956 3179 1134 3251 Cmortuum
1155 3211 1218 3254 esse
1241 3201 1397 3274 priusquam
1423 3217 1503 3264 natus
1528 3221 1602 3268 esset
1626 3216 1718 3296 Arius.
1742 3220 1797 3279 Sed

179 3286 266 3346 Porro
296 3288 368 3359 quod
394 3288 537 3346 Novariam
563 3290 714 3360 baptizatos
745 3291 772 3347 in
801 3292 941 3361 Ecclesia,
995 3299 1223 3346 norumnouest
1242 3291 1602 3361 doctissirnosetiamriros
1619 3306 1797 3370 indiricanae

144 3395 225 3452 quarn
250 3389 279 3436 ut
298 3381 428 3451 pollutam
444 3382 627 3448 accusabant,
645 3390 674 3439 ιι
697 3397 712 3437 a
736 3398 788 3455 qua
805 3393 942 3455 tamquam
995 3376 1125 3434 Ecclesiae
1139 3380 1252 3439 historia
1272 3385 1370 3443 inscite
1384 3392 1560 3461 peregrinari.

144 3473 255 3542 prolana
277 3473 466 3544 desciuerant,
482 3490 537 3531 non
561 3475 697 3531 habebant
717 3491 766 3547 pro
788 3477 941 3547 baptizatis,
1030 3471 1179 3530 Sttbcllium
1191 3475 1349 3549 Pentapolis
1358 3483 1509 3540 emiserat:
1525 3497 1627 3548 eteece
1641 3496 1721 3565 paulo
1735 3510 1797 3568 post

142 3577 342 3640 promptaque
363 3570 589 3641 quppqqzqqqnqg
608 3569 743 3627 faciebam
762 3569 835 3641 quod
856 3571 942 3628 aare.
993 3562 1021 3619 in
1035 3565 1123 3621 vicina
1140 3566 1260 3640 AEgppto
1279 3573 1376 3640 Arius,
1395 3590 1437 3650 es
1451 3575 1576 3636 Numidia
1601 3600 1667 3642 rero
1690 3590 1796 3659 (altero

144 3660 211 3714 ticos
221 3672 299 3716 antea
315 3675 397 3717 arrsos
408 3677 462 3716 non
474 3678 545 3726 esse,
561 3661 803 3736 iudicatCyprian.
819 3665 845 3719 in
858 3665 938 3734 epist.
992 3659 1091 3713 Mile&
1104 3662 1242 3734 0¹¹f⁰¹¹¹⁰i
1262 3664 1382 3721 ⁰⁰¹¹³l¹¹⁸
1397 3669 1515 3738 ¹¹¹²J⁰i⁰⁸
1529 3672 1597 3729 ‘¹³⁰¹
1616 3677 1726 3746 turbis.
1744 3683 1792 3740 iiio

141 3750 175 3806 ad
183 3749 247 3807 Jul),
261 3761 289 3809 eq
299 3751 333 3809 ad
346 3753 454 3823 Pomp„
467 3764 495 3809 ει
508 3753 577 3827 Al'ss·
595 3756 613 3810 Ι
627 3772 655 3811 m
667 3756 701 3812 de
716 3757 805 3828 Bam,
820 3774 883 3829 epp,
896 3759 939 3816 ll),
992 3748 1019 3802 in
1033 3749 1227 3821 Alexandrina,
1244 3754 1288 3810 hic
1304 3756 1330 3811 lli
1343 3754 1473 3831 Galllliiss.
1487 3761 1619 3822 ECCleh.
1637 3767 1672 3825 Ei
1683 3772 1793 3841 quidum

140 3841 195 3899 Spq
217 3850 307 3900 gamen
323 3844 457 3914 psincqpqo
478 3846 596 3916 quonam
619 3847 783 3916 urgebamur,
799 3849 869 3919 quoq
883 3849 941 3921 pre.
992 3847 1022 3893 ut
1034 3838 1126 3910 Optat.
1144 3842 1163 3897 l.
1179 3859 1209 3899 ιιι
1231 3845 1266 3902 de
1287 3846 1393 3903 barriaco
1414 3864 1498 3921 agens
1520 3855 1575 3922 ait,
1599 3858 1626 3914 in
1644 3860 1736 3919 hirica
1758 3868 1793 3923 de

141 3932 219 4003 rique
233 3934 260 3989 in
280 3934 370 3991 dirius
385 3934 517 3992 Catholici
534 3937 735 4009 sequebantur,
756 3949 784 3994 ct
805 3939 941 3996 dlrlcanis
990 3935 1110 3992 icittliilt
1122 3937 1269 3996 conflatum
1286 3955 1349 3998 esse
1371 3942 1551 4003 incardium:
1573 3952 1615 4008 sic
1635 3962 1663 4009 et
1688 3956 1789 4017 Erret),

140 4026 184 4098 (ut
197 4025 266 4097 diri)
281 4026 444 4097 quibusdam
455 4030 579 4088 conciliis
592 4032 783 4089 coadunatum
793 4048 856 4092 csse
865 4032 940 4090 ride·
991 4027 1011 4085 l·
1026 4045 1046 4085 ιι
1068 4029 1103 4086 (ιθ
1122 4031 1184 4088 vita
1205 4032 1360 4103 Constant,
1383 4042 1612 4110 quemadmodum
1625 4061 1659 4103 cx
1683 4052 1790 4110 modica

139 4119 231 4178 parur,
256 4121 328 4192 Ergo
349 4129 379 4177 uc
397 4121 517 4179 Nequius
541 4124 706 4197 baptismum
730 4129 780 4183 ahs
801 4125 940 4200 Cypriane
990 4121 1618 4199 scintillaingensiguisacccnditur,hrianum
1634 4138 1788 4200 incendium

139 4214 358 4271 administratum
379 4229 432 4271 non
454 4214 569 4272 babebat
591 4226 702 4274 ratum:
718 4219 758 4274 sic
778 4233 867 4289 neque
882 4216 939 4292 Cy·
990 4214 1145 4283 pervasisse
1158 4215 1245 4285 ipsam
1258 4232 1367 4289 quoquc
1385 4217 1508 4293 Libyam.
1523 4222 1577 4282 Sed
1590 4227 1625 4284 dc
1637 4230 1788 4294 horatiana

141 4310 250 4380 priauus
273 4324 356 4374 eum,
379 4307 458 4378 cuius
481 4308 605 4366 minister
627 4308 724 4368 luisset
749 4309 870 4368 Noratus
893 4320 939 4366 aut
989 4303 1121 4375 tragedia
1139 4321 1212 4363 nune
1225 4315 1330 4365 tantum
1345 4312 1508 4381 querimus.
1523 4331 1585 4387 (ιιι
1596 4328 1625 4376 et
1639 4323 1714 4394 prior
1725 4327 1785 4397 init,

139 4399 315 4458 propagamus,
330 4399 467 4458 caegemm
482 4401 535 4458 1100
550 4402 684 4471 incepturi,
699 4402 770 4475 quoq
785 4403 938 4476 cyprianus
988 4404 1016 4452 et
1038 4396 1127 4453 mincis
1142 4398 1260 4455 subtilis.
1274 4398 1413 4472 Originum
1428 4413 1456 4461 et
1478 4406 1562 4465 veluti
1579 4415 1710 4481 protasim
1725 4420 1788 4476 dili·

139 4493 174 4548 ab
188 4494 283 4565 ils,qui
296 4493 458 4563 baptismum
472 4511 526 4550 non
540 4494 934 4563 esseitcrandumcredehaut,
987 4498 1084 4560 tenter
1102 4492 1214 4565 0¹P⁰¹¹il
1237 4488 1329 4562 uprar.
1351 4493 1370 4549 Ι-
1385 4510 1405 4561 ¹.
1427 4511 1463 4554 ιι
1486 4513 1540 4571 quo
1564 4504 1645 4561 ctiam
1670 4510 1785 4583 August.

139 4584 180 4639 sic
191 4582 365 4647 disseminat
376 4595 466 4642 tamen
477 4594 621 4658 propterea
632 4602 685 4643 iton
698 4586 828 4659 refugerit
840 4601 934 4642 eorum
949 4568 1060 4635 Dittttc
1073 4580 1216 4639 hisswrilffl
1232 4595 1356 4655 ιθιθῑθιθ
1371 4603 1421 4646 ¹¹⁰⁸
1435 4590 1514 4660 ιἰώθῑ
1528 4595 1547 4651 l·
1561 4612 1571 4652 t
1583 4609 1678 4657 currus
1693 4604 1782 4663 Patro.

139 4677 375 4747 communionem,
403 4694 491 4751 neque
514 4681 625 4738 unitatis
648 4682 789 4738 vinculum
813 4683 934 4754 ruperit,
989 4689 1015 4731 θ·
1030 4676 1066 4744 3.
1082 4684 1111 4731 iti
1129 4686 1157 4734 ιι
1176 4678 1299 4748 thaidem
1320 4680 1347 4736 in
1369 4679 1461 4754 (iptati
1484 4685 1562 4745 libris
1583 4689 1786 4768 desiderantur,

139 4784 228 4838 neque
244 4769 358 4841 alicujus
376 4770 530 4829 schismatis
543 4782 638 4830 auctor
651 4773 741 4831 luerit.
757 4774 829 4847 Ergo
845 4778 936 4844 lugu·
987 4781 1050 4839 ⁴1¹¹ae
1063 4783 1097 4824 0¹
1112 4768 1263 4841 A⁰ss¹¹⁸¹in⁰
1280 4774 1428 4842 reicienda
1442 4786 1515 4834 tunl-

138 4863 225 4921 atinus
238 4861 366 4936 Cypriani
378 4866 488 4938 quidcrn
505 4882 628 4924 errorem
639 4869 674 4925 dc
689 4867 825 4938 baptismo
838 4884 933 4940 repre·
1023 4857 1063 4915 3⁰
1077 4860 1187 4933 (ιῑΙίᾱϋηι
1216 4862 1349 4934 imillfflls
1371 4865 1503 4934 ⁰l⁵⁰ii⁰r
1526 4875 1599 4944 ti⁰⁰d
1619 4877 1786 4951 Augustinus

138 4943 242 5022 hendit,
266 4958 313 5014 sed
339 4959 429 5015 laudat
455 4959 530 5015 illam
547 4960 657 5016 irritatis
681 4961 858 5029 charitatem,
883 4977 936 5032 qua
987 4952 1083 5009 wilm
1096 4955 1143 5009 iili·
1156 4971 1191 5010 rn
1205 4954 1239 5010 de
1254 4955 1332 5027 Bapt.
1348 4973 1409 5029 ⁰²¹9·
1420 4959 1448 5028 7,
1464 4970 1526 5031 bosi
1540 4967 1668 5038 Cypriani
1683 4979 1787 5045 passio·

137 5058 276 5119 peccatum
298 5051 433 5121 cooperiri
458 5052 512 5120 ait,
538 5060 567 5108 et
590 5050 790 5122 rebaptizantes
813 5062 936 5123 ternpore
987 5046 1145 5102 notaminis
1162 5046 1340 5118 quadraginta
1361 5048 1460 5108 iactam
1480 5069 1542 5113 esse
1564 5060 1637 5119 illam
1660 5070 1784 5128 codicum

137 5139 280 5213 Cypriani,
299 5158 350 5200 nec
370 5152 460 5199 tamen
481 5145 516 5202 ab
530 5146 641 5202 unitatis
656 5145 696 5217 (ut
711 5144 840 5217 loquitur)
855 5137 934 5200 com.
987 5140 1014 5194 in
1041 5139 1132 5196 dirica
1166 5141 1362 5211 traditionem,
1389 5145 1467 5216 eujus
1499 5148 1613 5222 quaestio
1640 5159 1787 5221 lionmianl

136 5233 233 5305 pagine
255 5234 415 5290 recedentes
429 5235 569 5306 prolitetur
585 5238 682 5294 eadem
697 5236 844 5295 dilectione
860 5237 934 5308 pacis
985 5231 1141 5288 schismatis
1153 5234 1238 5304 prima
1252 5235 1536 5312 relurisinuncausa,
1548 5255 1663 5309 atcerte
1676 5265 1784 5314 occasio

135 5323 290 5380 adveniam
305 5326 458 5397 pertinere,
475 5345 527 5400 qua
547 5329 699 5404 Cyprianus
720 5331 779 5401 ipsc
799 5331 934 5387 tolerabas
985 5326 1070 5382 luisse
1084 5326 1193 5383 dicitur.
1206 5325 1279 5383 ldern
1292 5329 1420 5399 sugast..
1433 5332 1482 5390 lib.
1497 5351 1527 5392 nr
1542 5350 1637 5399 contra
1650 5345 1783 5407 Crescon.

135 5412 269 5470 admissos
284 5415 312 5472 in
332 5417 481 5474 Ecclesiam
496 5421 556 5478 sine
577 5424 631 5477 alio
643 5437 724 5492 quam
740 5422 932 5479 hereticorum
984 5433 1044 5489 cap.
1060 5419 1105 5488 il,
1124 5418 1224 5476 indicat
1242 5421 1307 5492 imp.
1325 5422 1522 5485 Diocletianum
1536 5448 1582 5489 narr
1600 5445 1627 5491 et
1640 5436 1783 5498 llarimia·

135 5505 290 5578 baptismo:
307 5518 337 5564 ut
350 5510 577 5582 quemadmodum
593 5522 705 5584 propter
717 5513 828 5570 unitatis
842 5522 934 5570 custo·
984 5529 1050 5569 num
1064 5524 1100 5569 nrt
1122 5512 1257 5571 Consules
1271 5514 1439 5584 bresecam
1448 5521 1601 5597 edixerunt,
1614 5537 1643 5585 ut
1652 5531 1784 5589 Christia-

135 5598 208 5655 diam
232 5597 291 5672 (sic
304 5602 376 5657 eninr
396 5603 532 5675 loquitur)
546 5603 698 5676 Cyprianus
719 5605 875 5676 ignoscebat
887 5604 933 5672 iis,
986 5622 1083 5663 norum
1097 5605 1158 5663 libri
1171 5606 1288 5663 dammis
1299 5609 1485 5670 abolerentur.
1501 5616 1637 5675 Describit
1651 5620 1783 5684 Eusebius

135 5708 203 5765 quos
216 5687 315 5763 alioqui
331 5695 358 5750 in
372 5695 508 5766 baptismo
529 5709 583 5751 non
599 5695 723 5753 iterando
738 5712 832 5756 errare
853 5708 934 5769 puta·
985 5698 1034 5755 lib.
1049 5714 1098 5756 rm
1119 5700 1278 5772 tragoediam
1302 5715 1447 5773 postremae
1474 5707 1548 5764 illius
1573 5717 1780 5779 persecutionis.

134 5783 205 5860 bat:
226 5786 267 5844 sic
280 5783 417 5859 cypriano
437 5801 531 5842 revera
551 5788 653 5847 erranti
677 5788 705 5846 in
725 5788 860 5863 baptismo
882 5792 933 5851 ite·
987 5790 1042 5852 Sed
1055 5790 1090 5850 de
1103 5791 1196 5850 hicira
1210 5801 1313 5852 tantum
1329 5794 1368 5851 ait
1381 5794 1605 5855 innumerabilem
1616 5800 1644 5860 in
1656 5818 1689 5863 ea
1702 5809 1785 5872 tuisse

357 5883 495 5946 Person.
535 5882 591 5947 itt.
1504 5889 1544 5957 ib
