4142 6175
161 249 218 309 dil
763 243 924 303 tttstdnttt
943 243 1227 305 bestimmten.
1767 255 1821 313 822

160 362 331 433 giiianarum
357 358 511 421 eolbtlenls
538 368 662 433 tempore
694 359 809 419 inissem
836 360 968 418 nondun.
982 365 1009 427 Α
1021 361 1165 434 gustetur,
1178 361 1221 419 cui
1235 361 1329 421 tuales
1342 370 1402 421 urat
1412 365 1454 425 dtl
1468 364 1614 425 Ιιιιιιιιιιιιι
1629 366 1823 429 Donatistarum

160 452 236 523 Quae
250 451 466 524 vitilitigatoruui
488 451 585 525 eliugia
603 452 702 511 merito
723 450 848 509 ridebant
868 450 970 509 Gatbo·
1021 459 1169 530 episcopam
1181 468 1239 531 past
1251 459 1823 535 ostunensemqooresquibosllilvincun·

159 547 212 605 liei
224 563 232 601 a
246 560 309 603 nam
319 554 476 619 oomoptum
489 561 556 603 auro
566 546 682 615 jndicem
694 545 779 618 gratis
788 554 817 602 et
829 544 888 601 sine
901 553 970 602 teate
1022 560 1066 606 tur
1078 551 1122 606 nel
1135 550 1199 608 victl
1220 566 1283 609 esse
1295 561 1491 625 monstrantur,
1515 555 1635 615 breviter
1656 560 1824 633 complecte-

160 640 320 708 dicebatur3
335 639 438 711 siquid
453 654 519 696 vero
533 638 739 712 proponendum
760 646 821 696 erat
839 637 970 695 adversus
1021 640 1111 698 batur.
1126 642 1178 711 Qui
1189 642 1259 701 liber
1273 645 1370 716 periit,
1387 646 1437 703 ssd
1458 656 1534 705 extat
1545 650 1605 721 ejus
1615 636 1728 711 liberde
1739 657 1825 735 gestis

160 749 250 803 eom,
262 733 290 789 id
301 743 364 791 ante
373 732 563 805 disputationis
573 734 715 792 exordium
726 734 818 791 iacere
828 747 877 791 coa
889 747 971 806 opor-
1021 749 1084 792 cum
1094 735 1230 805 Emerita),
1244 746 1273 793 et
1288 752 1379 795 sermo
1391 753 1426 797 eo
1443 749 1579 812 presente
1592 743 1626 800 ad
1644 744 1822 806 cesariensis

160 835 268 887 tuerat.
293 825 370 896 Quod
397 840 452 883 non
467 827 548 884 modu
563 842 618 883 non
640 826 778 895 iecerunt,
791 827 840 884 sed
854 835 882 884 et
902 825 970 884 ode-
1021 827 1153 886 Ecclesiae
1167 831 1274 903 plebem
1288 832 1387 890 dictus

160 920 239 977 renti
252 927 283 974 nt
295 918 378 975 alium
389 918 509 990 judicem
523 919 568 990 qui
582 934 675 976 secum
695 917 804 977 sederet
817 918 969 991 eligerent,
1056 927 1112 998 ῃ
1121 925 1265 981 Concilium
1277 926 1609 989 Donatistarum-Circa
1625 931 1698 990 idem
1712 940 1822 1007 tempus

160 1011 365 1083 responderant
376 1023 406 1067 ae
418 1010 536 1068 alterum
549 1011 623 1068 nolle
640 1011 777 1083 judicem,
792 1022 874 1083 atquae
897 1011 970 1067 buno
1020 1012 1129 1071 babitus
1143 1026 1185 1072 est
1211 1016 1413 1074 Donatistarum
1425 1029 1590 1090 conventus,
1617 1024 1660 1079 coi
1673 1023 1822 1082 Petilianus

162 1106 275 1178 prolixe
289 1119 344 1160 non
359 1104 445 1161 semel
466 1104 664 1161 laudaverant:
679 1106 751 1176 quod
774 1105 809 1161 ad
832 1103 968 1160 actionem
1021 1123 1083 1165 conv
1096 1108 1157 1165 aliis
1172 1110 1312 1182 plusquam
1328 1112 1436 1183 triginta
1448 1114 1585 1186 episcopis
1595 1115 1728 1174 interluit.
1743 1117 1820 1175 luco

161 1200 305 1271 pertinet,
322 1198 470 1270 damnique
480 1199 623 1270 clepsydra
637 1198 743 1269 adjecta
765 1197 896 1271 quidquid
920 1211 969 1254 vo·
1020 1202 1165 1259 eonsilium
1179 1202 1316 1272 inierunt,
1331 1219 1386 1276 quo
1407 1216 1487 1277 pacto
1509 1207 1608 1264 edictis
1627 1209 1727 1281 quibos
1750 1211 1820 1268 adeo

162 1294 265 1350 luisset
286 1303 315 1352 et
332 1305 461 1366 quantum
484 1294 616 1351 voluisset
639 1294 747 1352 dicendi
768 1295 904 1351 licentiam
917 1295 967 1351 de·
1020 1295 1226 1365 premebantur,
1238 1295 1346 1352 obviam
1360 1298 1449 1366 irent,
1471 1312 1532 1356 cum
1547 1300 1705 1360 viderentur
1724 1318 1755 1361 se
1771 1319 1820 1375 po·

162 1384 252 1443 disse
277 1385 318 1443 De
337 1390 363 1443 vi
376 1386 450 1441 illata
462 1385 523 1457 quia
545 1387 573 1443 in
592 1385 755 1458 Gargilianis
777 1387 904 1443 'inermis
926 1386 968 1441 in·
1019 1386 1075 1444 tius
1089 1388 1213 1458 pristinis
1223 1389 1331 1461 ignibus
1343 1388 1434 1447 daturi
1449 1391 1515 1465 (imo
1533 1391 1561 1449 id
1586 1394 1675 1466 reipsa
1697 1394 1821 1454 lacerent

163 1477 237 1535 elusi
251 1478 360 1535 luerent
385 1492 439 1535 uon
466 1479 553 1549 magis
574 1478 707 1550 conqueri
730 1492 828 1549 mssa,
842 1480 866 1533 si
890 1478 969 1535 locus
1021 1495 1071 1552 spe
1084 1482 1201 1539 nominis
1210 1492 1360 1557 martyrum
1371 1482 1444 1555 apud
1463 1500 1527 1542 suos
1542 1487 1676 1559 potiundi)
1692 1503 1774 1560 quatu
1789 1501 1820 1547 ut

163 1569 265 1626 luisset
276 1569 412 1642 querelae,
425 1568 575 1626 catholicos
587 1584 669 1640 guam
685 1569 840 1626 Donatistas
851 1586 912 1627 cunr
929 1570 965 1628 ibi
1021 1573 1050 1628 iu
1066 1572 1168 1629 insulas
1179 1574 1397 1646 deportarentur.
1421 1576 1450 1631 ln
1465 1576 1562 1635 eodem
1579 1589 1714 1638 conventu
1736 1581 1822 1639 abiis

163 1663 277 1733 utrique
293 1671 386 1719 esseut
402 1677 409 1716 ι
423 1670 451 1718 et
464 1659 601 1735 quomodo
615 1676 665 1734 pro
686 1677 797 1719 carcere
817 1660 967 1719 habebatur
1019 1665 1188 1723 idstatutom
1212 1678 1276 1725 est:
1304 1668 1394 1741 litgui
1408 1670 1542 1727 cetlolicir
1556 1673 1818 1744 communicaverint,

163 1761 244 1816 locus
265 1758 311 1814 obi
325 1765 386 1815 erat
400 1766 427 1813 ot
451 1757 534 1830 judex
549 1767 578 1814 et
589 1758 617 1814 in
628 1772 682 1830 quo
694 1757 794 1843 retenti
815 1772 869 1813 non
881 1765 965 1823 sunt,
980 1760 1198 1837 Bepirceporam
1219 1759 1259 1815 oei
1277 1760 1483 1833 presbyterorum
1507 1771 1607 1818 tamam
1621 1766 1644 1821 ei
1661 1765 1820 1842 sompnium

161 1853 214 1911 sed
243 1852 315 1909 unde
327 1851 432 1908 dimissi
457 1852 565 1924 quaudo
589 1850 807 1908 volueruntlDe
832 1850 965 1908 sententia
1018 1870 1071 1911 non
1085 1854 1223 1911 nituerint
1238 1865 1282 1910 out
1301 1857 1329 1910 in
1344 1856 1441 1927 populo
1456 1873 1507 1912 non
1529 1860 1712 1933 mncmuerint,
1729 1860 1764 1914 od
1777 1877 1820 1916 se·

162 1958 249 2005 noctu
261 1947 315 2003 lata
329 1944 445 2003 lorensis
472 1945 574 2003 rabulae
587 1944 712 2002 Petiliani
736 1943 873 2000 cavillatio
886 1950 964 2011 ernt;
1017 1949 1089 2003 niem
1102 1948 1250 2019 perreniom
1264 1957 1289 2002 et
1300 1948 1327 2002 iu
1341 1949 1396 2004 mis
1406 1948 1546 2005 bonoribus
1557 1951 1726 2023 asumuntur.

161 2039 234 2096 nibil
248 2038 322 2096 enlm
334 2038 425 2095 obstat
443 2038 508 2109 quin
522 2038 545 2093 si
566 2052 648 2093 caum
663 2036 798 2107 postulet,
808 2034 911 2090 diutius
922 2034 966 2104 iu·
989 2026 995 2037 ‘
1055 2038 1253 2096 Donatistarum
1277 2041 1391 2095 mulsum
1409 2040 1621 2099 debilitatum-
1633 2043 1740 2101 lutema
1754 2043 1819 2101 Dol-

162 2132 219 2189 dex
232 2133 317 2201 possit
328 2130 411 2187 etiarn
426 2129 533 2187 redere.
548 2127 728 2185 Nihilominus
742 2129 802 2184 ime
813 2127 967 2184 Donatista·
1016 2133 1096 2192 citius
1110 2132 1247 2191 Tribunus
1261 2144 1289 2191 et
1301 2133 1430 2191 liuterius
1457 2135 1639 2207 imperialium
1661 2132 1818 2208 iussionem

163 2241 227 2282 rum
240 2224 424 2282 calumniandi
437 2224 549 2280 audacia
562 2232 644 2296 etque
656 2223 794 2294 protervis
818 2223 854 2277 itt
877 2221 966 2278 inere-
1016 2238 1111 2286 eontra
1124 2229 1278 2285 Donatistae
1290 2229 1318 2284 ln
1330 2227 1421 2285 sirice
1437 2237 1578 2298 executor,
1593 2244 1690 2302 poenas
1712 2228 1818 2303 legibus

164 2321 224 2383 vit,
248 2324 278 2373 ut
301 2317 335 2373 de
357 2315 479 2372 remedio
500 2314 662 2388 apponendo
686 2315 782 2371 Patres
796 2312 916 2371 niricant
937 2312 966 2368 in
1018 2320 1046 2376 iu
1061 2321 1242 2377 eossaneitas
1261 2334 1357 2376 severe
1376 2319 1519 2392 exigebat,
1536 2320 1704 2379 intestabiles
1728 2322 1819 2378 pona.

165 2423 312 2465 commuue
325 2408 512 2465 consuluerint
527 2409 554 2463 in
569 2407 673 2481 synodo
688 2406 806 2464 Cirtensi
830 2421 877 2464 seu
900 2405 966 2462 Zer·
1018 2410 1096 2467 sistas
1110 2425 1171 2468 esse
1186 2410 1359 2478 declarabat,
1384 2412 1499 2471 niuictas
1521 2411 1669 2484 imperatas
1691 2414 1817 2487 impone·

165 2504 236 2559 tensi
255 2517 326 2557 anno
350 2511 412 2573 post
437 2502 609 2558 collationem
624 2500 735 2570 habito,
757 2501 834 2572 cujus
856 2500 965 2557 nomine
1016 2504 1080 2570 bat,
1096 2500 1222 2559 basilicas
1234 2518 1328 2560 eorum
1340 2513 1368 2560 et
1380 2503 1450 2559 bona
1464 2503 1588 2561 ecelesiae
1604 2505 1746 2562 catlroliese
1765 2506 1817 2562 ad·

164 2594 333 2667 Augustinus
344 2595 487 2666 epistolam
498 2594 609 2667 scripsit
621 2595 655 2651 ad
667 2593 821 2651 Donatistae
834 2593 899 2649 olim
911 2606 965 2651 ctu
1016 2594 1169 2666 iudicabat,
1183 2596 1327 2668 episcopos
1348 2603 1377 2655 et
1399 2594 1514 2651 etertces
1532 2595 1563 2653 ia
1588 2597 1691 2655 insulas
1713 2605 1817 2669 etpro·

165 2703 239 2745 nuruc
262 2701 342 2753 cxtt,
365 2703 416 2759 qna
432 2686 585 2758 hujusmodi
609 2684 873 2743 calumniamdiiult.
899 2684 965 2743 Data
1016 2687 1119 2743 vincias
1133 2686 1293 2760 longinquas
1315 2688 1453 2745 exulatum
1475 2686 1612 2745 mittebat.
1627 2687 1712 2759 liujus
1735 2691 1819 2761 igitur

166 2790 210 2836 est
224 2796 292 2837 xvuu
304 2779 414 2836 lsaleud.
430 2779 525 2836 Julius.
576 2774 579 2779 ’
1015 2778 1239 2850 vigilantiamulti
1248 2789 1304 2836 tum
1316 2780 1447 2851 temporis
1457 2779 1490 2835 ad
1505 2778 1656 2837 Ecclesiam
1664 2779 1817 2848 redieruut,

204 2873 278 2929 liora
289 2873 447 2931 Marcellini.
461 2874 630 2945 Confirmatio
649 2875 781 2931 renuntiet
804 2874 964 2933 liormllinl.
1018 2881 1046 2930 st
1061 2873 1209 2930 Dormitum
1230 2883 1323 2941 secta,
1339 2890 1401 2946 qum
1425 2883 1506 2931 autea
1528 2873 1557 2930 in
1579 2873 1671 2935 atrio
1692 2873 1818 2947 vigebat,

165 2970 249 3023 -At
272 2967 420 3027 Donatistae
441 2981 497 3027 nou
518 2968 639 3025 contenti
661 2967 809 3024 Marcellini
834 2968 967 3027 bonorem
1017 2966 1103 3023 irecta
1114 2977 1142 3023 et
1154 2966 1294 3025 debilitata
1305 2982 1417 3039 prorsus
1430 2976 1484 3025 est.
1496 2966 1533 3022 Αι
1544 2966 1667 3024 nonnulli
1682 2967 1710 3024 ln
1729 2967 1819 3039 pervi-
1911 3017 1918 3033 ,

166 3060 310 3117 calumniis
323 3059 381 3117 suis
396 3058 545 3128 infamare,
569 3060 651 3116 vitam
664 3059 745 3116 etiam
757 3060 965 3132 appetiverunt,
1018 3059 1093 3115 cacia
1108 3072 1157 3115 sua
1171 3058 1298 3116 obstinati
1309 3058 1510 3130 perdurabant,
1523 3074 1639 3131 quorum
1654 3058 1701 3115 alli
1721 3058 1817 3116 basili·

166 3163 205 3222 et,
221 3152 299 3226 quasi
319 3152 488 3211 lleraclianae
502 3152 630 3210 iectionis
644 3152 794 3220 bominem,
805 3154 856 3211 sub
867 3152 1003 3233 invidiae
1019 3167 1066 3209 cas
1081 3168 1116 3210 ue
1128 3152 1274 3211 &thebeis
1302 3152 1451 3220 traderent,
1478 3152 1526 3218 elii
1546 3167 1597 3224 pru
1609 3166 1660 3212 suo
1676 3166 1756 3216 mere
1767 3165 1816 3208 ve

167 3246 319 3320 tyrannidis
339 3262 498 3320 oppressum
522 3247 584 3306 licet
606 3248 798 3317 innocentem,
823 3248 909 3308 utdie
932 3248 967 3305 li
1019 3245 1062 3308 rio
1075 3244 1286 3317 mortisgenere
1299 3254 1415 3302 mortem
1439 3245 1492 3302 sibi
1506 3246 1715 3315 ceaobeebent,
1729 3254 1821 3316 utpro

167 3340 337 3413 Septembris
351 3340 417 3397 anni
427 3341 493 3408 tte,
504 3341 582 3410 jussu
593 3339 689 3396 llarirri
703 3341 811 3400 comitis
822 3344 868 3413 qui
882 3340 966 3397 liora-
1019 3337 1184 3410 martyribus
1197 3338 1372 3404 haberentur.
1389 3336 1515 3394 Nonnulli
1529 3337 1557 3393 in
1569 3337 1719 3395 catholicos
1731 3336 1820 3393 irrue·

168 3434 286 3490 clinnum
306 3435 333 3491 in
355 3434 446 3490 atrica
468 3433 669 3503 debellaverat,
690 3427 779 3506 capite
802 3435 968 3505 plecteretur
1019 3429 1085 3485 baut
1097 3439 1125 3486 et
1138 3444 1172 3486 es
1185 3421 1220 3487 iis
1233 3429 1366 3502 plurimos
1380 3430 1441 3487 neci
1454 3429 1616 3487 tradebant:
1632 3429 1698 3486 dum
1719 3442 1818 3486 econ·

169 3527 328 3588 eliecerunt.
344 3526 412 3582 ilinc
430 3525 601 3583 occasionem
618 3534 760 3597 coeperunt
776 3525 917 3597 jactitandi
931 3528 970 3583 ir·
1020 3532 1062 3579 tra
1076 3520 1202 3582 eatboliei
1218 3523 1354 3579 antistites
1367 3521 1483 3580 sollicite
1494 3521 1591 3579 mortis
1612 3536 1721 3594 pmuam
1734 3534 1751 3576 a
1764 3521 1819 3577 Do·

169 3619 251 3676 ritum
266 3633 328 3676 esse
340 3618 470 3690 iudicium
485 3633 501 3672 a
516 3618 674 3674 llareeltino
693 3619 775 3674 latum
792 3637 800 3674 ε
819 3619 891 3691 quod
906 3633 968 3675 cum
1020 3615 1181 3671 uatistarum
1196 3617 1285 3687 capite
1299 3616 1483 3688 depulsarent.

168 3711 348 3768 intellexisset
362 3711 514 3779 Honorius,
529 3709 734 3766 severissimam
756 3711 784 3767 in
810 3725 859 3768 eos
880 3711 967 3783 legem
1056 3706 1098 3763 De
1111 3706 1260 3764 Gaudentio
1270 3707 1528 3782 incongruent-
1537 3708 1605 3768 Cum
1617 3710 1751 3768 malorem
1766 3708 1819 3766 bu·
1888 3761 1892 3770 .

170 3802 232 3859 tulit
246 3801 293 3859 die
310 3801 347 3858 Ei
369 3801 442 3859 lunii
467 3801 531 3858 anni
554 3799 623 3869 itt,
650 3811 679 3857 et
700 3801 753 3857 alia
767 3802 827 3873 lege
848 3802 910 3859 data
934 3803 970 3861 td
1017 3800 1171 3873 juscemodi
1184 3801 1239 3857 dux
1252 3808 1280 3856 et
1292 3799 1336 3856 iax
1349 3812 1422 3859 esset
1434 3801 1603 3860 Gaudentius
1611 3803 1821 3876 Taamogadeu·

169 3893 436 3966 logostiaunillli,
450 3895 545 3952 statuit
557 3908 590 3951 ea
600 3908 688 3966 numa
703 3895 872 3965 llarcellino,
887 3911 968 3968 quern
1020 3896 1069 3965 sis,
1087 3911 1157 3953 unos
1175 3911 1191 3953 e
1206 3904 1309 3968 septem
1328 3897 1467 3954 actoribus
1483 3897 1682 3956 Donatistarum
1696 3899 1725 3955 lu
1736 3896 1821 3955 cotta

170 3986 317 4058 ammobilia
344 3987 468 4043 materie
495 3988 579 4042 uirum
601 3986 740 4058 appellat,
762 3987 790 4043 in
811 3987 968 4046 Donatistae
1021 3990 1110 4058 tione,
1136 3988 1211 4046 dedit
1232 3989 1267 4048 sd
1289 3989 1366 4046 ilium
1390 3990 1498 4048 litteras
1513 3991 1648 4048 Dulcitius
1672 3990 1822 4049 exhortans

170 4087 248 4151 gesta
257 4087 337 4136 eruut
350 4088 379 4136 et
392 4079 422 4135 iu
433 4079 540 4151 pvblica
560 4089 736 4138 monumnenta
756 4080 904 4150 translata,
921 4081 969 4137 ilr-
1021 4098 1084 4143 eom
1110 4084 1145 4141 ad
1160 4084 1289 4141 unitatem
1305 4084 1467 4142 catholicam
1492 4094 1521 4142 et
1545 4085 1706 4142 dissuadens
1729 4075 1822 4141 ineen-

171 4173 292 4234 mitatem
308 4183 464 4246 perpetuam
480 4174 590 4233 babere.
1021 4180 1163 4249 diemque
1178 4193 1250 4235 scae
1264 4191 1329 4235 suos
1349 4193 1411 4235 cum
1433 4178 1492 4249 ipsa
1518 4177 1640 4234 Ecclesia
1660 4188 1822 4236 consumere

205 4266 266 4325 lion
280 4268 378 4324 melius
401 4267 548 4325 Donatistis
560 4268 643 4325 cessit
665 4267 818 4339 importuna
832 4268 903 4339 apud
917 4268 971 4326 Bo-
1021 4272 1175 4329 minabatur
1189 4288 1196 4324 :
1209 4269 1313 4327 addens
1327 4269 1409 4326 etiam
1433 4280 1464 4326 ut
1477 4269 1501 4325 si
1517 4283 1549 4326 se
1560 4269 1650 4340 iustos
1674 4277 1821 4342 potarent,

172 4360 300 4418 niiaoium
321 4361 449 4419 comitem
464 4360 662 4432 interpellatio,
678 4361 723 4431 qui
737 4360 846 4430 rejectis
861 4362 972 4418 menda·
1022 4365 1147 4437 lugerent
1162 4363 1250 4436 potius
1263 4362 1411 4421 secundum
1426 4372 1591 4436 preceptum
1601 4362 1708 4420 Doruird
1720 4361 1824 4420 Christi

173 4453 343 4510 cissimornm
358 4454 500 4511 bominum
520 4452 664 4510 calumniis
687 4453 832 4526 Augustini
855 4453 970 4512 consilia
1023 4473 1104 4532 quaro
1119 4456 1287 4514 senelaudis
1301 4456 1408 4529 ignibus
1430 4465 1647 4515 concremarent.
1671 4453 1823 4526 Respondit

173 4551 350 4623 pretulitslbi
364 4553 521 4623 prraescripta
536 4553 563 4608 iu
576 4552 678 4609 esimlu
691 4551 740 4607 illo
755 4550 825 4608 libro
838 4567 886 4609 seu
900 4552 971 4623 epis·
984 4566 1011 4627 D
1024 4549 1193 4609 Gaudentius
1208 4550 1312 4606 duabus
1326 4548 1441 4618 litteris,
1457 4549 1580 4607 breviore
1591 4563 1662 4618 una,
1678 4550 1824 4606 iestlrmnte

174 4643 229 4699 tola
239 4657 300 4714 epum
310 4652 353 4700 est
364 4643 400 4701 de
413 4643 591 4702 correctione
604 4643 817 4700 Donatistarum.
1025 4653 1055 4701 ut
1066 4646 1174 4703 aiebant
1186 4645 1339 4716 perlatore,
1353 4642 1405 4700 alia
1420 4644 1543 4716 prolixa,
1557 4643 1635 4714 quasi
1657 4643 1764 4715 plenium
1778 4642 1821 4698 tli-

209 4735 434 4809 Eertudugastini
448 4753 506 4792 cum
523 4737 685 4795 Euserium-⁶
694 4737 774 4797 Anno
795 4739 860 4808 tis,
887 4739 973 4812 prima
1023 4739 1204 4811 ligentiusque
1237 4737 1417 4810 respondens.
1443 4736 1574 4794 Dulcitius
1599 4734 1693 4792 ambas
1720 4743 1750 4791 ut
1776 4749 1824 4792 eea

176 4828 251 4896 liaii,
266 4829 428 4887 universatis
441 4830 551 4887 concilii
571 4830 792 4902 Cartbaginensis
806 4830 901 4888 Patres
925 4831 972 4889 de·
1024 4834 1170 4891 Gaudentii
1192 4835 1323 4907 epistolas
1336 4831 1502 4890 existimavit
1520 4829 1554 4886 ad
1569 4845 1631 4887 eum
1643 4843 1704 4886 esse
1715 4827 1825 4885 mitten*

177 4934 248 4982 ereta
273 4925 418 4982 condidere
432 4925 468 4982 eil
483 4925 679 4998 extinguendas
702 4927 861 4983 Donatiann
887 4937 971 4994 sectae
1025 4926 1076 4982 dus
1091 4926 1473 4997 reielleret,simuiuueeum
1490 4937 1540 4996 per
1553 4922 1659 4979 litteras
1672 4921 1825 4991 consuluit,

177 5019 316 5091 reliquias.
332 5019 424 5077 llensc
435 5034 502 5076 vero
515 5018 661 5092 septembri
680 5018 822 5091 proximo,
843 5036 905 5077 cunt
918 5020 988 5077 Au.
1026 5019 1163 5092 quoduam
1176 5003 1388 5076 istis-haereticis
1406 5033 1567 5090 responsum
1593 5017 1652 5074 dari
1675 5027 1825 5090 oporteret.

177 5112 299 5185 gostinus
312 5111 383 5184 opud
397 5111 494 5169 lutiam
505 5112 657 5169 cesaream
671 5123 827 5169 versaretur
837 5129 898 5170 cum
915 5111 974 5186 qui·
1025 5113 1188 5185 augustinus
1202 5112 1296 5168 anibas
1319 5109 1464 5168 Gattdcntii
1486 5111 1615 5181 epistolas
1628 5125 1684 5166 uuo
1698 5110 1770 5168 libro
1783 5125 1827 5167 re-

178 5205 288 5262 bvrsdam
308 5207 436 5279 collegis,
454 5208 572 5264 occurrit
589 5208 657 5265 iuvte
682 5209 708 5264 in
729 5207 878 5264 llntcrltum
893 5209 974 5281 lustjus
1026 5206 1150 5278 darguit,
1165 5206 1211 5276 qui
1236 5220 1297 5260 cum
1323 5205 1348 5259 lu
1373 5202 1495 5275 eiusdem
1521 5204 1688 5273 pervenisset
1711 5218 1826 5273 marius,

179 5300 252 5356 erbis
265 5300 422 5372 episcopum
433 5316 466 5357 es
483 5309 558 5372 parte
571 5300 686 5368 Donati,
699 5301 745 5373 qui
760 5313 831 5357 unus
843 5302 930 5358 iuerat
940 5317 973 5358 ex
1027 5297 1169 5369 rescripsit
1180 5296 1226 5354 ilie
1239 5298 1312 5370 quod
1323 5297 1347 5353 ci
1363 5300 1449 5354 visum
1461 5305 1520 5363 est;
1541 5296 1590 5353 sed
1602 5297 1768 5370 Augustinus
1788 5311 1829 5354 re

178 5390 314 5447 actoribus
327 5393 499 5461 collationis,
514 5405 594 5465 quem
618 5408 680 5449 curm
704 5393 738 5450 ad
753 5393 903 5450 Ecclesiam
928 5394 976 5451 ad·
1027 5393 1202 5466 sponsionem
1218 5392 1277 5464 elus
1292 5393 1455 5462 contempsit
1474 5403 1523 5448 nee
1538 5389 1646 5462 dignam
1666 5389 1829 5447 refutatione

179 5484 315 5550 duxisset,
332 5498 393 5541 corn
406 5500 439 5541 eo
451 5495 610 5542 concertare
624 5486 718 5542 voluit.
732 5487 768 5542 Αι
790 5486 927 5542 Erncritus
942 5501 976 5543 ne
1026 5487 1169 5559 iudicavit.
1182 5486 1222 5543 nd
1235 5488 1398 5558 postulatum
1412 5501 1477 5545 vero
1491 5487 1597 5544 Dulcitii
1608 5486 1749 5558 respoudit
1763 5488 1829 5541 isto⁴

179 5579 280 5637 insitire
294 5579 403 5649 quidem
417 5587 464 5635 ant
483 5580 592 5636 hiscere
607 5593 689 5635 aursus
702 5589 761 5647 est,
782 5591 811 5637 et
833 5580 977 5651 augustini
1029 5593 1090 5637 runa
1105 5579 1237 5636 insaniam
1250 5591 1306 5636 non
1319 5579 1419 5638 debere
1432 5581 1541 5638 obstare
1555 5577 1700 5650 ‹gnomiuus
1715 5575 1748 5633 ad
1764 5576 1827 5633 uni·

179 5685 334 5731 termonem
359 5668 494 5743 patienter
518 5679 612 5727 contra
636 5685 701 5729 suus
724 5672 837 5730 audiuit.
863 5671 975 5730 Librum
1031 5681 1113 5728 tatem
1128 5671 1279 5728 laciendum
1290 5672 1456 5731 allaboraret
1469 5681 1497 5730 et
1511 5669 1643 5743 Principis
1654 5669 1729 5741 leges
1748 5683 1829 5726 exse·

181 5768 263 5841 paulo
276 5776 342 5827 ante
353 5765 486 5825 advertus
507 5766 579 5824 bunc
591 5766 742 5825 Emeritam
756 5768 978 5842 scripseratis·
1031 5765 1136 5823 cutioni
1148 5763 1333 5823 demandaret.
