4142 6175
138 299 210 357 libb
602 288 716 356 (tusis
735 294 961 356 mutationis
977 297 1290 357 canrttactttuitSls.
1687 319 1692 330 ·
1713 298 1783 363 tntu

175 415 221 470 at.
250 396 404 471 Pett'tiiuuuc
434 414 570 487 epscopus
596 412 672 468 dicit.
708 410 808 467 Damna
835 424 936 468 moveo
949 417 975 477 Α
988 411 1064 468 iiiut.
1076 410 1118 469 ιι
1128 426 1239 468 otonem
1252 410 1486 471 eondrroatiooem
1497 412 1622 471 sulltoere
1636 428 1718 487 posse
1729 434 1783 476 non

138 506 268 565 Mocasurii
291 517 320 566 et
341 508 498 575 Caeciliani,
523 515 551 562 et
569 520 622 563 oon
644 505 745 563 diceris
766 503 936 576 (Eensorista
988 507 1098 579 ambigo
1110 506 1298 564 universorum
1318 507 1548 581 subscriptiones,
1560 510 1702 579 superiore
1712 512 1785 583 iudi·

72 586 75 591 “
138 603 241 677 neque)
260 603 452 660 ceciliaoista.
473 600 509 657 Et
521 602 575 656 aiio
593 616 682 656 mesu.
711 598 858 656 Petiliaous
876 597 935 668 epi·
987 601 1031 657 cio
1044 599 1173 656 mandato
1185 601 1393 674 insertasatque
1412 602 1636 675 digestantium
1656 608 1785 677 quioniam

141 711 243 770 scopus
265 695 409 768 recognovi
430 694 490 751 sine
502 691 660 764 praejudicio
671 688 858 762 appellationis
874 703 938 746 nos·
988 693 1110 749 omnium
1123 706 1273 750 consensus
1286 709 1433 764 expressus
1453 704 1513 766 est,
1529 698 1627 755 amous
1642 697 1787 769 superfluis

140 800 199 848 ιω.
988 783 1475 859 aliquandonegottumproponatur.

176 883 223 941 sb.
253 881 363 955 alypius
383 881 520 953 epscopus
547 876 672 934 Ecclesiae
695 876 829 932 ιιιιιιιιι
859 875 935 932 dicit.
1024 877 1071 933 ts.
1088 877 1221 934 Emetitur
1232 880 1367 952 episcopos
1378 879 1454 936 dicit.
1469 880 1528 937 litto
1540 891 1603 938 sunt
1618 882 1645 939 io
1653 882 1786 955 judicium

141 975 205 1034 Feci
217 975 289 1033 enim
303 972 466 1031 mentionem
476 968 624 1028 liensuriii
637 966 672 1023 Et
682 966 736 1023 aiio
747 983 836 1023 manu.
849 966 938 1025 liecu-
988 969 1091 1036 missa,
1105 986 1119 1024 a
1142 971 1241 1043 quibus
1255 972 1356 1030 deviari
1371 973 1448 1030 trullo
1461 973 1542 1031 modo
1563 985 1670 1048 potest:
1683 991 1786 1047 unum,

142 1067 235 1140 gnavi.
989 1060 1063 1134 quod
1078 1062 1227 1120 secundum
1241 1065 1383 1136 imperiale
1394 1078 1559 1141 prccceptum
1575 1086 1582 1123 ε
1596 1068 1699 1137 alliud,
1715 1069 1787 1140 quod

178 1159 226 1218 ιι.
242 1158 411 1215 nuntiam
430 1158 468 1214 vir
478 1156 637 1213 clarimontis
651 1153 767 1209 ratum
785 1161 811 1208 et
823 1152 939 1209 muriae
990 1159 1139 1216 seeundum
1153 1160 1273 1217 mandati
1288 1169 1410 1218 tenorent
1425 1178 1507 1233 agere
1516 1177 1547 1220 se
1557 1164 1661 1235 jndicio
1675 1163 1789 1221 demon·

143 1252 218 1309 dicit.
239 1251 302 1308 llaec
316 1249 405 1307 otortia
429 1248 551 1320 utrisque
570 1246 691 1319 partibus
703 1245 778 1302 salva
794 1253 884 1301 erunt.
903 1242 939 1299 Et
990 1260 1123 1307 strarant.
1134 1251 1218 1323 igitur
1231 1253 1254 1309 si
1268 1263 1380 1323 utraque
1395 1268 1518 1311 cuonem
1532 1264 1611 1323 sunt,
1625 1255 1707 1312 deber
1721 1255 1787 1312 edo.

144 1344 248 1419 cujacii.
275 1343 423 1400 Evidenter
446 1341 570 1415 apparuit
591 1339 726 1411 episcopis
741 1337 940 1408 postulantibus
992 1344 1049 1400 ceri
1065 1345 1107 1400 :si
1129 1352 1219 1401 autern
1234 1354 1359 1417 separata
1373 1355 1454 1419 atque
1472 1346 1596 1419 sejuncta
1614 1356 1696 1415 sunt,
1711 1348 1790 1405 troitrs

146 1437 355 1508 disputationem
375 1434 391 1489 a
412 1432 567 1490 venerando
584 1431 705 1502 principe
720 1430 941 1499 medisooptants
991 1445 1157 1493 necesseest
1174 1436 1276 1495 iaciant
1291 1438 1444 1509 jacturam,
1465 1439 1511 1510 qui
1527 1448 1673 1511 utrumque
1694 1441 1793 1497 nolunt

143 1526 405 1610 totaromaodatam,
417 1534 447 1581 ¹¹²
464 1539 546 1582 0²¹¹ss
558 1524 636 1595 Primi
649 1522 810 1583 ‘immitit‘
828 1521 940 1588 timii,
991 1528 1025 1584 ad
1043 1528 1230 1597 pmbationem
1241 1530 1267 1586 in
1282 1530 1413 1601 judicium
1426 1530 1706 1589 mittereconveoire
1717 1533 1790 1590 enim

144 1636 205 1693 quse
217 1621 273 1691 iam
290 1621 317 1675 in
331 1617 451 1675 medium
466 1616 629 1688 proteratur.
993 1620 1076 1679 debet
1099 1637 1160 1678 cum
1188 1622 1321 1695 rescripto
1346 1622 1522 1690 innodatum,
1544 1632 1573 1680 ιι
1593 1625 1627 1680 ad
1637 1623 1788 1681 loriculam

62 1721 64 1724 ’
179 1713 225 1769 57.
249 1711 380 1768 Emeritos
403 1711 540 1782 episeopus
553 1709 631 1765 dicit.
645 1707 757 1765 Lectum
772 1703 943 1775 estresstip·
992 1715 1086 1770 statuti
1101 1715 1248 1785 imperialis
1260 1715 1449 1772 mandatorum
1464 1715 1545 1772 debet
1556 1731 1653 1774 sensus
1664 1716 1788 1789 astringi.

144 1813 212 1862 tum·
227 1803 363 1875 tegantur
377 1810 405 1858 tt
420 1815 526 1874 bretti·
543 1811 571 1856 ⁰¹
584 1814 666 1857 ⁰³¹¹&
685 1800 770 1869 lt⁰⁸⁸li
781 1798 879 1854 audiri.
906 1796 942 1851 Ei
956 1818 981 1880 Β
994 1805 1072 1876 Quod
1098 1808 1121 1863 si
1146 1816 1273 1864 nentrum
1300 1823 1363 1866 esse
1383 1809 1544 1882 intelligitur
1558 1811 1716 1881 preeundo
1729 1819 1792 1878 tua,

145 1898 198 1954 atio
207 1913 295 1953 maor.
314 1896 449 1952 Emeritos
457 1895 602 1966 episcopus
616 1893 773 1965 recognovi.
996 1913 1086 1968 oeque
1096 1899 1251 1956 moratoriis
1262 1914 1311 1955 tvos
1322 1899 1393 1958 velle
1403 1916 1494 1971 agere,
1509 1916 1597 1974 neque
1610 1916 1662 1959 nos
1673 1916 1690 1957 a
1703 1916 1794 1959 causa

183 1994 230 2051 ts.
248 1993 417 2049 limceliimrs
432 1993 472 2048 vir
482 1991 642 2048 cioriuimua
658 1991 774 2047 ιιιιιιιιιι
787 1992 945 2047 alectorias
996 1991 1103 2048 actione
1125 1992 1293 2063 suspendere
1303 2034 1312 2059 ,
1323 1992 1371 2049 sed
1383 1994 1539 2050 constitutis
1554 1994 1679 2063 primitus
1699 1991 1795 2049 lunda·

147 2087 224 2143 dicit.
236 2086 365 2142 Peritiam
375 2085 526 2141 sanctitatis
537 2095 635 2140 restrce
648 2084 766 2140 arbitror
780 2098 834 2139 non
847 2083 943 2152 latere,
997 2085 1096 2140 atteritis
1112 2084 1327 2141 ecclesiasticum
1339 2085 1476 2157 negotium
1497 2085 1567 2143 velle
1581 2085 1714 2153 delinire,
1729 2085 1795 2157 guid

149 2176 325 2252 pragmaticis
335 2176 474 2248 rescriptis
485 2191 581 2247 preces
596 2177 677 2233 inseri
692 2190 746 2233 non
761 2175 867 2243 solere;
878 2191 946 2247 quas
998 2186 1041 2234 eat
1065 2177 1138 2250 qnod
1162 2177 1241 2235 nobis
1254 2177 1289 2234 de
1310 2194 1385 2234 mora
1406 2178 1601 2249 prescribitur,
1614 2185 1642 2234 et
1658 2164 1795 2250 ιιιιιιιιι

149 2270 259 2343 quidem
274 2270 309 2325 ab
322 2269 460 2340 episcopis
473 2269 520 2339 oui
538 2268 710 2325 collationem
733 2269 945 2339 'postulaverant
996 2271 1220 2338 cavillatoribus.
1235 2280 1264 2327 et
1283 2287 1299 2327 a
1317 2272 1473 2342 cognitione
1490 2272 1704 2343 retugieotibus,
1717 2273 1795 2344 quasi

149 2364 230 2439 Μ
240 2364 310 2420 sicut
322 2362 444 2434 ejusdem
458 2362 605 2418 sanctionis
625 2372 713 2419 textus
725 2362 861 2428 ostendit,
884 2376 947 2432 pro·
998 2378 1089 2419 moras
1100 2363 1230 2434 quasdam
1245 2378 1294 2434 per
1304 2377 1355 2419 uos
1365 2361 1466 2418 innecti
1485 2371 1651 2430 caumatum
1666 2377 1728 2418 cutn
1742 2362 1796 2418 uti·

149 2457 266 2513 cessisse
281 2470 334 2513 non
348 2464 464 2512 ιιιιιιι.
481 2454 559 2513 livide
573 2454 683 2512 tattdern
705 2453 852 2529 aliquando
864 2470 948 2527 nogo·
997 2472 1066 2530 quc,
1082 2457 1105 2513 si
1117 2457 1279 2521 advertant.
1294 2458 1381 2529 magis
1395 2455 1439 2513 bis
1464 2455 1511 2525 otti
1525 2465 1679 2527 pmponunt
1693 2456 1796 2512 iocum·

149 2546 217 2603 tionr
229 2557 400 2615 proponatur.
996 2550 1063 2607 bere
1074 2559 1120 2605 aut
1136 2548 1319 2606 necessarium
1331 2562 1393 2604 esse
1407 2546 1540 2613 dicimus,
1555 2557 1586 2604 ut
1597 2548 1724 2605 omnibus
1737 2563 1796 2604 ιιι-

184 2638 233 2695 ab.
257 2637 387 2695 Emeritos
408 2639 639 2713 episcopusdixit.
666 2639 694 2697 Si
717 2639 883 2713 pragmatico
904 2656 949 2698 re·
999 2642 1037 2699 ris
1051 2641 1197 2714 amputatis
1214 2641 1248 2698 ad
1269 2641 1369 2714 rvegotii
1394 2640 1573 2697 instmmeota
1586 2655 1732 2713 arcemque
1747 2655 1797 2698 ve·

150 2734 254 2803 scripto
272 2747 369 2804 preces
387 2734 470 2790 inseri
495 2749 549 2790 non
564 2735 654 2790 solere
666 2733 893 2802 prestantiorem
907 2734 949 2789 in·
999 2734 1100 2803 piatur,
1115 2745 1146 2791 ut
1159 2733 1319 2793 ιιιιιιιιιι
1332 2750 1365 2790 ιι
1381 2733 1496 2792 ιιιιιιι
1511 2741 1586 2804 parte
1600 2733 1663 2805 gub
1676 2732 1796 2804 petierit,

151 2824 334 2882 terlocutioue
361 2825 496 2896 signatum
523 2834 643 2892 est,eos
668 2839 739 2895 quos
762 2824 866 2897 legatos
886 2840 949 2883 csse
998 2828 1225 2901 quemadmodum
1249 2828 1373 2901 potierit,
1388 2826 1431 2884 vel
1456 2826 1521 2898 quid
1549 2824 1675 2897 potierit;
1691 2836 1721 2881 ut
1733 2840 1795 2883 cum

153 2917 299 2986 dixerunt,
313 2927 404 2974 utrum
424 2933 458 2975 ex
482 2920 604 2975 omnium
628 2918 782 2987 volutatate,
805 2928 895 2976 utrum
914 2935 948 2977 ev
999 2923 1033 2980 de
1056 2924 1183 2980 mandato
1203 2922 1247 2979 vei
1267 2922 1302 2979 de
1320 2921 1454 2992 rescripto
1470 2930 1584 2991 utraque
1599 2916 1796 2975 concordantia

152 3012 290 3069 communi
310 3011 437 3069 mandato
462 3013 651 3084 perrexerint,
666 3013 801 3081 docearis,
817 3022 847 3070 ut
856 3014 879 3069 si
893 3029 948 3072 non
999 3014 1158 3085 completus
1171 3014 1247 3071 luero
1259 3054 1267 3080 ,
1280 3022 1307 3070 et
1317 3028 1349 3070 ιι
1359 3028 1420 3084 quc
1431 3011 1458 3067 in
1475 3011 1607 3082 rescripto
1620 3021 1684 3066 sunt
1698 3008 1798 3067 coufir-

150 3108 177 3164 io
202 3107 345 3179 precibus,
369 3116 447 3164 certe
467 3109 510 3165 vel
535 3109 561 3165 in
583 3109 678 3181 legatis
693 3109 781 3180 possit
797 3117 872 3166 stare
887 3124 950 3181 per-
1000 3118 1071 3164 mota
1084 3149 1093 3177 ,
1107 3118 1135 3163 et
1148 3122 1251 3180 eaquae
1265 3106 1430 3179 exipsorum
1445 3105 1576 3177 petitione
1586 3114 1712 3174 suggesta
1723 3110 1799 3171 suut,

98 3271 100 3275 ,
152 3220 228 3261 ιιιι.
243 3203 274 3259 Et
289 3205 342 3259 ulio
356 3221 444 3261 manu.
458 3204 597 3262 Emeritos
609 3207 752 3276 episcopus
773 3207 921 3276 recognovi
937 3249 945 3276 ‚
961 3208 984 3273 c
999 3199 1105 3270 possint
1124 3198 1234 3270 iudiciis
1250 3197 1404 3269 approbari.
1428 3195 1460 3252 Et
1485 3195 1540 3251 aiio
1556 3211 1645 3250 ntouu.
1663 3194 1798 3254 Emeritos

150 3297 210 3353 aine
222 3297 380 3369 prejudicio
392 3297 582 3368 appellationis
593 3313 671 3352 meu.
744 3305 751 3361 i
998 3296 1145 3368 episcopus
1161 3292 1321 3365 recognovi.

186 3391 232 3449 to.
244 3394 405 3464 Augustinus
425 3393 563 3466 epscopus
586 3391 711 3449 Ecclesia
724 3392 946 3450 codtoiicoetiiait·
1033 3395 1082 3454 tt.
1097 3396 1260 3470 Augustinus
1271 3394 1407 3469 episcopus
1424 3391 1548 3448 Ecclesiae
1569 3391 1703 3447 cotioiicrc
1721 3389 1796 3446 tiata

149 3483 279 3543 autema
302 3483 430 3541 nobilitas
453 3494 610 3557 tuaguanta
627 3493 743 3557 aguntur
757 3492 788 3540 ιι
801 3484 868 3541 nihil
881 3500 946 3557 aga·
998 3489 1064 3546 Tus
1098 3497 1162 3545 suot
1193 3496 1295 3559 partes,
1327 3486 1367 3541 vir
1384 3484 1494 3541 nobilis.
1530 3484 1558 3541 Si
1591 3483 1733 3553 rospondit
1758 3483 1793 3541 ad

151 3587 204 3633 tur.
230 3576 262 3632 Et
281 3577 335 3633 alio
359 3593 448 3633 manv.
464 3577 629 3651 liccoguovi.
646 3577 788 3635 Montanus
811 3580 965 3654 episcopus¹
998 3595 1031 3639 ea
1052 3595 1113 3653 quae
1137 3578 1275 3646 diximus,
1290 3592 1359 3649 opus
1370 3587 1412 3635 est
1424 3586 1454 3632 ut
1468 3575 1692 3649 respondeamus.
1707 3576 1736 3632 Sl
1750 3591 1800 3632 au·

151 3671 227 3726 dicit.
254 3669 356 3727 Ordine
378 3672 575 3743 integrocausa
592 3672 745 3744 peragenda
767 3682 820 3730 est.
846 3671 881 3729 Et
894 3672 948 3728 aiio
1000 3687 1054 3735 tem
1080 3674 1201 3747 pervidet
1214 3672 1369 3744 prestantia
1386 3681 1430 3726 tua
1445 3668 1511 3725 nibil
1533 3684 1596 3725 eum
1624 3666 1798 3739 respondisse

150 3778 241 3819 manu.
255 3762 550 3833 uoonnmepncopos
563 3767 717 3834 recognovi,
730 3768 803 3821 salva
814 3779 949 3836 provoca·
999 3768 1033 3825 ad
1058 3770 1085 3825 id
1098 3766 1170 3840 quod
1183 3766 1256 3837 juste
1287 3765 1454 3835 flagitamus,
1475 3761 1522 3819 sed
1543 3761 1629 3819 viroris
1652 3760 1799 3833 superfluis

152 3856 236 3913 bone.
999 3861 1068 3917 alias
1089 3874 1179 3915 moras
1194 3855 1345 3928 superlitas
1358 3854 1506 3923 addidisse,
1529 3853 1621 3926 judica
1637 3863 1666 3912 ut
1678 3853 1796 3912 videtur.

186 3946 233 4003 tt.
247 3947 409 4020 Augustinus
422 3947 555 4021 episcopus
567 3945 692 4005 Ecclesia
714 3948 848 4006 cotioiicte
871 3948 947 4006 dicit.
1001 3952 1035 4009 Et
1045 3950 1098 4008 aiio
1112 3967 1201 4007 manu.
1212 3949 1380 4024 Recognovi.

150 4029 305 4099 Prusenses
325 4047 410 4106 suot,
428 4041 537 4112 utrique
559 4042 738 4099 convenimus
759 4060 767 4099 r
801 4043 877 4100 locus
898 4044 949 4102 iste
1036 4043 1083 4100 ts.
1099 4042 1268 4101 Marcellinus
1282 4044 1322 4099 air
1336 4042 1495 4098 eluerimus
1509 4040 1626 4097 iniurius
1647 4049 1671 4096 ct
1683 4041 1800 4097 soledus

151 4132 286 4207 episcopis
300 4146 370 4204 pene
380 4123 497 4189 reiectus
518 4142 580 4201 cat,
594 4135 720 4191 mandata
735 4137 849 4192 recitata
867 4144 950 4210 atque
1001 4138 1078 4193 dixit.
1093 4137 1202 4193 Certum
1216 4136 1380 4207 cognitionis
1393 4142 1517 4190 tenorem
1536 4133 1679 4204 principali
1691 4142 1800 4189 constat

152 4229 257 4283 tlrtnata
271 4235 347 4295 sutvt;
366 4240 420 4281 non
443 4235 585 4297 negatura
600 4226 721 4296 partibus
735 4227 835 4285 nostris
851 4239 946 4298 postu·
1001 4231 1164 4284 auctoritate
1181 4226 1333 4281 delinitum.
1349 4224 1406 4280 lioc
1429 4225 1502 4279 enim
1517 4225 1625 4280 retectae
1649 4223 1800 4279 sanctionis

152 4322 233 4377 latam
245 4336 309 4379 esse
327 4319 518 4386 collationem,
539 4329 569 4375 ιιι
583 4318 613 4375 ιι
629 4334 661 4376 ιι
675 4319 821 4377 ιιΙΙιιίιιι
840 4319 948 4377 totidem
1001 4319 1088 4376 series
1099 4317 1296 4375 demonstravit
1318 4326 1358 4381 ut,
1388 4315 1544 4370 cottvocatis
1568 4314 1703 4386 episcopis
1718 4322 1800 4385 attpte

153 4415 298 4485 aliquando
317 4415 361 4472 vel
397 4413 512 4483 probent
533 4413 575 4471 vel
606 4414 721 4485 probare
749 4429 802 4471 non
829 4414 950 4485 potuisse
1003 4409 1127 4482 partibus
1150 4407 1283 4476 delectis,
1306 4405 1546 4479 superstitionem,
1567 4416 1596 4460 ut
1621 4405 1706 4476 ipsius
1731 4404 1800 4478 legis

154 4516 348 4574 ntotrstrentun
362 4521 423 4578 quse
443 4506 533 4563 solent
553 4519 607 4561 noo
619 4506 697 4563 nobis
711 4548 719 4573 ,
734 4521 788 4562 noo
804 4508 950 4579 unicuique
1001 4505 1094 4562 verbis
1111 4504 1217 4575 loquar,
1233 4502 1302 4559 ratio
1316 4500 1459 4557 matiiiesta
1469 4498 1601 4555 cooiotet.
1617 4497 1800 4569 Undedigna·

154 4607 292 4666 trostmm,
305 4601 352 4656 setl
366 4582 493 4657 universo
507 4600 567 4656 orbi
587 4600 736 4657 christiano
754 4601 874 4673 objicere
887 4604 948 4670 eri·
962 4590 991 4666 'lt
1003 4598 1077 4656 bitur
1088 4597 1219 4654 sanctitas
1231 4606 1321 4652 vestra
1335 4593 1437 4650 clarius
1450 4591 1641 4649 demonstrare
1656 4592 1683 4647 itt
1697 4605 1750 4663 qua
1764 4592 1801 4648 sit

152 4692 226 4750 auiam
241 4711 248 4747 ε
262 4693 307 4765 qui
322 4691 492 4752 Christianus
511 4693 585 4750 orbis
598 4710 652 4749 nott
663 4695 794 4767 opinione
809 4696 948 4763 bumana,
1003 4701 1082 4764 parte
1093 4688 1250 4761 superstitio
1261 4689 1418 4744 constituto.

151 4786 200 4845 sed
222 4786 320 4843 divinis
335 4787 497 4843 testimoniis
507 4794 536 4843 et
557 4787 709 4858 pmmissus
728 4794 788 4855 est,
811 4798 840 4845 ιι
854 4791 950 4862 imple-
1038 4783 1083 4839 ts.
1108 4782 1254 4839 Petiiiunus
1267 4781 1402 4853 episcopus
1419 4778 1496 4834 dicit.
1510 4777 1634 4836 Advertit
1647 4776 1801 4835 sublimitas

151 4889 204 4935 tur.
221 4877 420 4949 Quididdbue
442 4879 536 4936 rtescio
549 4893 601 4949 qua
622 4879 847 4951 tergiversatione
859 4897 951 4938 mora·
1002 4888 1184 4947 tuamagnam
1209 4872 1388 4931 diffidentiam
1409 4886 1457 4928 eos
1479 4870 1598 4938 babere,
1622 4886 1802 4943 magnumque

151 4971 219 5028 toria
239 4972 274 5026 ab
286 4971 327 5028 eis
342 4971 552 5042 interponuntur
573 4970 620 5041 qul
643 4984 674 5028 ιι
685 4972 829 5043 episcopos
846 4971 950 5032 Christi
1003 4963 1193 5032 mendacium,
1207 4966 1230 5022 si
1244 4980 1351 5036 eaquae
1372 4964 1490 5035 petimus
1510 4962 1627 5036 prodere
1651 4963 1799 5023 rvoluerint.

78 5117 89 5136 ,
150 5063 204 5120 diei
219 5062 334 5118 volanti
346 5063 537 5132 Exspectatio,
554 5076 607 5118 noo
627 5060 690 5119 dico
704 5062 784 5133 baius
808 5066 949 5138 civitatis,
1003 5059 1112 5116 Etenim
1128 5066 1193 5115 ante
1206 5056 1242 5114 de
1254 5071 1302 5112 sua
1314 5055 1480 5125 conscientia
1498 5055 1620 5126 judicat,
1633 5056 1678 5126 ipati
1694 5058 1802 5126 petitio·

151 5157 200 5214 sed
211 5157 330 5214 universi
345 5170 414 5225 petre
426 5157 533 5227 generis
546 5155 656 5214 bomani
670 5172 802 5229 suspensa
816 5168 878 5226 cst,
895 5162 947 5218 all.
1001 5170 1063 5210 rtem
1077 5166 1153 5209 suam
1168 5151 1287 5208 timuerit
1301 5150 1449 5222 publicare.
1464 5149 1523 5206 Non
1539 5150 1624 5220 igitur
1634 5166 1737 5208 moram
1752 5150 1802 5206 oli-

152 5248 216 5321 qnid
232 5249 266 5304 da
280 5247 403 5305 Ecclesia
412 5247 486 5319 eupit
497 5249 608 5316 audire;
620 5258 648 5306 et
660 5266 711 5306 nos
725 5249 813 5306 adbuc
825 5249 949 5310 lucenses
1001 5260 1081 5317 quam
1106 5245 1239 5310 iacimus3
1255 5241 1304 5299 sed
1318 5258 1367 5315 per
1380 5243 1452 5314 ipsos
1467 5257 1559 5299 moras
1573 5241 1631 5300 tieri
1642 5244 1803 5300 sublimitati

151 5339 281 5396 formulas
301 5339 477 5409 discutimus,
498 5348 527 5396 et
551 5341 706 5398 miserrime
724 5340 870 5412 litigamus.
889 5342 948 5399 lam
1001 5347 1065 5395 ιιι.
1078 5336 1113 5392 Et
1125 5352 1185 5392 eum
1197 5335 1307 5401 diceret,
1322 5330 1433 5401 (Etesiis
1451 5350 1540 5391 otono.
1569 5325 1718 5391 Petilianu's
1741 5334 1801 5405 epi·

150 5431 276 5489 advertat
293 5428 421 5487 nobilitas
441 5440 487 5487 tua
508 5431 574 5503 guid
595 5441 700 5502 agatur.
721 5432 780 5489 lam
803 5433 949 5506 aliquando
1001 5444 1102 5502 scopus
1118 5428 1195 5485 salvo
1207 5426 1397 5499 appellationis
1408 5434 1510 5482 nostrae
1521 5427 1619 5483 merito
1632 5424 1801 5500 recognovi.)

150 5541 201 5583 nos
217 5523 252 5582 de
266 5525 317 5582 ltoc
331 5525 439 5595 negotio
452 5525 599 5596 amputatis
613 5523 740 5581 omuibus
753 5526 867 5583 momlis
878 5570 886 5594 ,
899 5526 948 5584 ad·
1036 5521 1083 5578 tr.
1103 5520 1252 5577 Vincentius
1274 5521 1409 5594 cpirmpm
1432 5518 1557 5576 Ecclesiae
1569 5518 1703 5574 cotirotictc
1722 5516 1798 5573 diarii.

72 5611 76 5619 “
148 5622 262 5696 juvante
280 5619 347 5689 beo,
358 5619 477 5678 liberare
493 5618 616 5690 dignare.
641 5617 678 5673 Et
688 5618 743 5674 otia
756 5636 845 5677 mono.
860 5621 949 5679 liceo·
1000 5616 1060 5675 Non
1071 5615 1171 5674 suidcit
1185 5615 1256 5687 guod
1268 5614 1315 5670 tibi
1328 5614 1469 5684 respondit
1482 5612 1584 5685 jardeti
1595 5611 1629 5667 Et
1641 5612 1693 5666 olio
1708 5626 1799 5667 manu.

150 5715 242 5790 gnoti.
1002 5712 1172 5784 llecognovi.
1189 5710 1336 5767 Petiliunus
1360 5711 1494 5784 epscopus
1518 5706 1595 5762 tiata
1634 5710 1688 5761 ιιι
1711 5704 1803 5778 tegam

191 5809 237 5868 li.
254 5806 472 5867 liuteilittstoir
492 5804 652 5863 clarissimus
669 5806 786 5864 ιιιιιιιιιι
797 5814 821 5864 ιι
835 5806 951 5867 notorius
1001 5803 1075 5877 quod
1091 5805 1224 5878 petimus,
1238 5814 1284 5863 ιιι
1299 5812 1410 5875 negent.
1434 5800 1468 5860 Et
1481 5799 1534 5854 aliu
1547 5812 1636 5855 manu.
1653 5797 1802 5858 Petilisnur
