4142 6175
255 320 326 383 llas
985 327 1170 395 manauit.
1842 338 1907 399 tata

255 437 349 511 Neqtrc
368 447 457 497 tatum
478 439 558 513 plane
568 456 668 499 uotum
679 453 732 513 est,
747 444 819 519 quod
831 442 968 503 llanorlus
976 442 1091 519 iubeto
1106 459 1204 517 nempe
1220 445 1289 502 uinci
1304 459 1396 519 posse,
1410 445 1568 520 persuaderi
1581 462 1636 521 nau
1650 462 1744 520 posse
1770 447 1806 505 iit
1821 460 1908 509 umen

257 546 305 587 eos
319 546 380 589 esse
392 532 578 600 intestabiles,
605 535 761 613 nullamque
778 543 941 608 potestatem
960 534 1054 607 ullius,
1105 538 1205 597 multas
1216 538 1262 609 qui
1277 538 1412 599 sanabiles
1425 548 1518 605 eraut,
1535 539 1683 609 resipuisse
1698 541 1762 612 ipse
1777 541 1907 612 sagass-

257 631 286 679 ut
299 622 428 694 loquitur,
445 623 568 693 incundi,
584 626 686 683 babere
701 629 750 683 ait.
768 625 850 684 Certe
864 626 1055 691 Theodosiana
1104 646 1156 686 ntts
1169 640 1282 686 testatur
1292 633 1319 687 in
1332 631 1380 689 lib.
1391 631 1424 688 de
1432 631 1523 689 Gestis
1535 647 1597 687 cum
1612 633 1733 687 Emerita
1750 633 1798 688 ubi
1813 633 1848 689 de
1858 634 1905 691 itae

255 729 362 787 quoque
377 715 420 772 lex
436 714 497 784 luit,
511 734 563 789 qua
578 719 612 774 iis
627 720 668 774 rel
683 719 801 776 iuuandi
820 728 994 788 testamenta,
1009 718 1055 776 rel
1104 721 1255 778 Callatiaue
1276 722 1406 795 loquens:
1429 721 1602 790 Donatistae,
1626 724 1733 795 inquit,
1762 725 1792 778 iu
1808 726 1908 782 nemim

256 829 304 886 per
314 815 475 882 donationes
488 816 568 872 alicui
581 817 644 888 quta
658 816 817 877 conterendi
830 816 945 875 facultas
957 816 1054 873 adimi·
1105 813 1203 871 Cariati
1221 817 1249 871 ia
1260 819 1386 889 prasium
1399 817 1556 871 corbolicum
1578 834 1672 888 magua
1685 835 1717 874 es
1732 828 1812 890 parte
1825 836 1910 874 rusce-

256 916 318 973 tur,
341 906 385 965 rei
399 924 432 964 er
448 909 640 969 donationibus
661 912 869 968 testantentisve
886 910 989 983 aliquid
1009 925 1056 967 co·
1104 915 1204 983 pintus,
1228 911 1264 965 ita
1287 920 1316 965 ιιι
1336 926 1403 981 pene
1416 927 1504 965 omues
1522 912 1698 967 camuranioni
1711 913 1854 967 carnatico
1870 929 1910 967 sa·

256 997 369 1070 piendi,
392 1008 422 1055 ut
444 999 503 1070 ipse
517 1000 685 1071 Augustinus
705 1003 804 1058 recitat
824 1002 857 1059 ad
875 1002 956 1059 linem
976 1002 1026 1058 lib.
1046 1018 1055 1059 ι
1104 1004 1186 1057 cintae
1198 1018 1252 1056 ιιιι
1265 1002 1436 1075 quodminus.
1456 1001 1530 1059 Idem
1545 1005 1710 1073 Augustinus
1731 1005 1760 1059 in
1784 1004 1866 1075 epist.
1879 1023 1906 1073 a,

255 1103 349 1149 cantra
368 1092 541 1150 Parmenion.
572 1093 625 1151 Sed
649 1104 678 1152 et
699 1095 734 1153 ιιι
753 1097 799 1168 jus
819 1095 900 1154 civile
926 1095 1055 1165 pertinet,
1104 1093 1139 1148 ad
1160 1093 1343 1162 Bottiiacium,
1368 1095 1424 1161 ait,
1444 1093 1634 1166 ιιιιιιιιριιι
1655 1094 1832 1149 delirationem
1855 1090 1915 1168 pse

254 1194 454 1256 proptereaque
473 1186 562 1256 minus
582 1188 723 1257 praeterire
745 1202 855 1258 passum
870 1187 942 1261 quad
957 1187 1054 1245 eodem
1105 1184 1173 1245 inter
1194 1201 1240 1241 uas
1262 1196 1286 1239 et
1307 1187 1442 1255 episcopor
1458 1202 1547 1241 corum
1566 1185 1639 1254 apud
1650 1183 1840 1257 Carthaginem
1859 1188 1907 1258 [sit

256 1274 318 1331 laco
332 1284 424 1332 narrat
434 1274 622 1350 Augustinus,
646 1295 707 1335 cum
728 1279 933 1353 homoquidam
956 1281 1056 1339 nabilis
1105 1294 1139 1332 ιι
1151 1295 1246 1351 urapua
1261 1288 1334 1352 parte
1348 1280 1457 1337 correcti
1469 1287 1538 1333 sant.
1557 1278 1627 1349 Ergo
1640 1276 1732 1333 adscit
1746 1278 1809 1333 ltaec
1822 1279 1908 1333 Calla-

255 1367 679 1450 imperatoribussupplicasset,
695 1376 757 1446 guia
772 1390 851 1433 sorar
867 1375 1002 1449 eiusque
1021 1376 1057 1435 de
1106 1373 1143 1430 tio
1158 1373 1230 1443 quad
1251 1374 1294 1429 uir
1309 1358 1435 1445 umguant
1450 1370 1561 1428 eiiiecre
1580 1379 1730 1445 patuerunt
1751 1372 1867 1427 ntasima
1879 1381 1907 1428 ct

256 1463 442 1533 parteDanati
463 1465 572 1532 iuerat,
591 1482 653 1523 cttut
674 1468 930 1540 deiungeretur,in
948 1471 1056 1543 aliquos
1105 1466 1207 1536 optima
1229 1465 1331 1536 alioqui
1352 1466 1476 1521 coucilia.
1511 1465 1564 1519 Sed
1590 1465 1688 1521 uellent
1720 1467 1808 1520 ctiam
1839 1463 1906 1535 qoud

253 1556 454 1613 communionis
469 1572 526 1612 suae
547 1558 663 1629 plurima
685 1562 860 1629 contulisset,
887 1574 1055 1637 preceptum
1108 1558 1275 1630 Augustinus
1297 1558 1428 1629 aptabat,
1450 1559 1586 1616 elicuisset
1612 1570 1641 1613 ut
1664 1559 1803 1615 Cotltalici
1829 1559 1906 1626 unali,

255 1648 1055 1727 esse,utuutniairatrlrestituerentttr.liicergalacum
1106 1666 1220 1720 unorum
1257 1650 1415 1723 depravatio
1444 1650 1567 1706 irritabat
1597 1650 1773 1715 narrandas,
1813 1651 1906 1707 hortuli

256 1753 310 1795 uon
326 1740 420 1798 ltobuit
436 1740 482 1797 lex
498 1741 579 1813 Papio
594 1743 627 1799 de
642 1743 771 1812 caducis,
788 1762 820 1801 ιι
836 1762 889 1819 qus
904 1746 988 1803 fiscus
1008 1762 1054 1804 ca·
1106 1745 1267 1801 tumultibus
1286 1747 1403 1800 correcti
1423 1753 1452 1800 et
1469 1743 1606 1801 emendati
1627 1742 1754 1799 lusissent.
1781 1745 1817 1800 at
1832 1760 1906 1815 qnam

257 1829 365 1899 plebat,
385 1831 458 1904 qttod
472 1833 598 1893 relietum
613 1843 673 1892 erot
685 1837 710 1892 ei
732 1837 777 1908 qui
790 1853 889 1911 capere
910 1855 963 1897 non
977 1851 1056 1913 pate·
1070 1827 1094 1901 ιι
1108 1836 1196 1906 patius
1211 1835 1273 1889 lacti
1289 1835 1342 1890 siut
1357 1835 1527 1902 deteriores,
1550 1835 1691 1890 bonusest
1707 1835 1786 1890 testis
1807 1835 1909 1892 Saltia-

252 1922 307 1981 ιιι.
329 1923 383 1981 Sed
409 1924 1057 2000 etsiirateritleinissetpirateritusrelerltae-
1108 1943 1158 1984 nus
1189 1928 1368 1984 Massiliensis
1400 1928 1427 1984 in
1449 1928 1496 1983 iib-
1518 1926 1676 1985 dePtovid·
1698 1926 1846 1995 ailadis..
1863 1927 1907 1987 ubi

191 2065 200 2082 ,
257 2015 382 2091 redatus,
402 2017 465 2088 jure
479 2022 618 2076 communi
634 2022 765 2091 potuisset
780 2024 937 2081 rescindere
952 2028 1056 2083 sororis
1106 2022 1360 2093 Carthaginensium
1374 2022 1561 2079 incredibilem
1576 2022 1707 2077 insoniam
1718 2030 1745 2077 et
1759 2022 1907 2092 projectam

255 2116 464 2178 testamentum,
489 2110 515 2165 in
542 2127 596 2183 qtto
622 2122 715 2185 turpes
740 2125 767 2171 et
790 2116 906 2175 iuiomes
931 2134 1055 2188 personae

255 2198 362 2270 (quaties
374 2211 453 2258 eront
466 2203 624 2276 Donatistae)
636 2204 752 2263 luissent
768 2208 909 2265 institutas.
923 2210 977 2275 sed
990 2212 1055 2283 quia

257 2306 330 2349 nune
344 2291 379 2351 de
390 2293 451 2365 lure
462 2294 536 2352 cirili
551 2297 708 2367 disputandi
723 2300 799 2356 lacus
812 2317 865 2357 nan
880 2311 931 2370 est,
943 2315 1055 2376 practer·

254 2397 288 2439 eo
302 2384 375 2457 quod
393 2384 515 2458 pluribus
529 2390 619 2446 uerbis
631 2405 664 2448 ea
678 2392 712 2448 de
734 2409 764 2448 re
789 2395 841 2449 dici
863 2406 966 2465 posset.
997 2398 1056 2455 iia·

256 2488 413 2534 nontamen
434 2481 583 2554 lectorem,
605 2493 634 2538 ut
648 2483 772 2541 conterat
786 2501 866 2558 quom
886 2487 966 2557 huius
987 2488 1055 2562 legis

256 2567 479 2639 degustationem
506 2586 600 2640 pastea
623 2574 650 2630 in
675 2576 766 2632 Attico
792 2578 878 2634 edidit
903 2579 1055 2637 liuttericus

257 2660 414 2733 tantatus,
438 2674 467 2720 ut
480 2663 574 2721 Victor
588 2665 725 2724 Uticensis
745 2669 793 2726 lib.
808 2685 836 2725 ut
856 2681 959 2727 narrat.
984 2672 1053 2728 lllud

255 2765 391 2827 praterea
403 2772 437 2814 ex
452 2758 499 2814 liu.
515 2775 564 2814 stt
576 2758 643 2816 (ind.
660 2760 796 2818 litandae.
814 2762 855 2817 tit.
870 2779 897 2830 t,
913 2779 938 2820 c.
954 2762 989 2831 5,
1009 2764 1053 2820 di·

254 2847 379 2915 dicimus,
391 2849 462 2921 quod
476 2849 528 2905 ltttc
539 2852 650 2907 omniuo
663 2851 835 2909 reiciendum
851 2864 902 2927 est,
917 2870 970 2911 nou
985 2857 1054 2911 mul·

256 2947 283 2994 tn
308 2947 371 3010 post
389 2936 568 2999 Callatianem
594 2952 729 2999 mortuum
754 2943 839 3002 {trisse
852 2945 1052 3014 Marcellinum,

255 3039 453 3102 proptereaque
470 3034 613 3104 quesitum
632 3022 735 3101 luisse,
758 3051 793 3092 au
807 3038 868 3107 eius
883 3049 970 3095 morte
993 3049 1052 3097 acta

253 3121 417 3181 Callaticais
439 3126 679 3184 labefactarentur.
705 3130 899 3199 ltuperataretu
918 3147 984 3189 vcro
998 3132 1053 3189 llo·

1107 2114 1255 2187 acartitiarn
1271 2105 1413 2170 describit.
1436 2113 1509 2186 Erga
1529 2130 1582 2169 nun
1602 2115 1687 2169 mttlta
1705 2125 1766 2185 past
1778 2112 1907 2169 Collatia·

1107 2223 1168 2261 nem
1188 2208 1286 2264 accidit
1306 2220 1334 2261 ut
1354 2207 1445 2264 ltostes
1461 2206 1609 2264 Donatistis
1630 2206 1711 2277 lange
1731 2206 1905 2263 immaniores

1107 2300 1133 2355 in
1147 2299 1265 2358 Atticam
1287 2298 1456 2364 litandorum,
1473 2298 1521 2369 gui
1541 2297 1664 2354 terribile
1678 2298 1774 2359 utrina
1794 2298 1904 2352 ultionis

1106 2393 1237 2447 aduersus
1249 2391 1417 2461 deploratam
1433 2390 1633 2463 improbitatem
1648 2392 1803 2460 exemplum
1814 2389 1904 2444 edide-

1106 2492 1181 2551 runt,
1193 2483 1292 2538 excisis·
1307 2485 1448 2552 plusquam
1460 2481 1640 2555 quodraginta
1654 2479 1796 2547 Ecclesia,
1810 2489 1835 2534 et
1849 2480 1904 2550 ipsa

1106 2575 1223 2646 denique
1234 2571 1397 2646 Cartbagine
1412 2589 1506 2629 euersa
1519 2590 1527 2641 ;
1551 2575 1724 2644 utarieusque
1737 2574 1903 2644 Augustinus

1107 2667 1187 2724 talem
1207 2667 1388 2722 calamitatem
1408 2666 1445 2722 ita
1463 2665 1588 2735 dederit,
1609 2675 1638 2720 ut
1659 2674 1747 2748 tatttteu
1763 2666 1790 2721 iu
1809 2680 1841 2721 ca
1856 2680 1901 2736 ge·

1106 2774 1182 2827 ntcas
1200 2759 1302 2828 iustum
1327 2758 1374 2813 liei
1391 2758 1523 2831 iudicium
1546 2768 1716 2830 agnosceret,
1736 2759 1819 2813 sicuti
1839 2757 1901 2813 Pos-

1105 2849 1191 2907 sidius
1209 2862 1310 2907 narrat.
1343 2850 1449 2908 luteres
1470 2851 1660 2923 gratulandum
1679 2860 1723 2907 est
1743 2850 1900 2915 Donatistis,

1105 2944 1126 2996 si
1145 2943 1189 3013 tpti
1207 2942 1343 2998 sanabiles
1358 2953 1447 3011 erauu,
1468 2942 1571 2997 nullum
1589 2940 1745 2996 scandalum
1765 2942 1900 2996 obstitisse

1106 3035 1249 3106 ottutniuus
1267 3034 1300 3090 od
1315 3050 1374 3091 eam
1390 3033 1522 3101 redirent,
1543 3050 1623 3108 quota
1645 3034 1671 3091 iu
1688 3032 1842 3104 Collatiuue
1854 3033 1901 3089 Ec·

1104 3127 1216 3183 clesiont
1236 3129 1410 3198 agua'ucront.
1422 3125 1494 3183 Sane
1512 3127 1665 3192 liussidius,
1686 3127 1731 3198 qui
1744 3123 1899 3191 Cttllatiaui,

254 3215 361 3272 noriutu
381 3215 487 3275 duobus
505 3220 616 3277 circiter
637 3222 778 3278 mensibus
797 3232 860 3298 past
880 3220 1088 3294 superioremC
1105 3230 1132 3272 ut
1147 3217 1224 3286 diii,
1241 3217 1383 3285 interluit,
1406 3224 1539 3282 iiiiiilffs
1560 3216 1643 3290 366
1663 3218 1835 3287 li⁰¹iiii¹¹i¹¹¹¹¹
1856 3229 1901 3287 per

252 3310 338 3381 legem
354 3326 405 3367 sua
420 3328 451 3369 eo
465 3313 554 3371 edicto
577 3317 673 3371 iteruin
696 3316 885 3375 confirmasse,
911 3319 956 3375 sic
976 3322 1051 3376 enon
1104 3313 1175 3366 itanc
1185 3311 1361 3367 collationem
1375 3310 1473 3365 ioclutn
1489 3326 1560 3374 esse,
1574 3320 1603 3365 ut
1616 3310 1766 3381 augustino
1781 3311 1894 3380 palmam

253 3401 363 3462 iuliano
377 3409 532 3478 proconsuli
548 3408 647 3466 Alriesc
661 3411 803 3468 rescribit:
822 3410 935 3469 Natianc
954 3423 979 3469 ιι
996 3415 1053 3470 sal·
1103 3406 1175 3461 litiis
1196 3405 1322 3472 dederit,
1344 3413 1371 3460 ii
1393 3405 1418 3460 iu
1439 3404 1498 3460 ‘flii
1518 3412 1643 3476 iiiii⁰¹¹¹i
1663 3405 1738 3474 pacis
1762 3407 1853 3459 unitos
1872 3408 1898 3457 ⁰¹

254 3496 390 3552 licitadiue
405 3497 553 3555 Marcellini
573 3503 720 3573 spectabilis
739 3507 869 3560 memoriae
891 3507 940 3562 uiri
960 3519 1053 3566 cantra
1104 3498 1235 3561 Ecclesiae
1266 3497 1497 3565 eattimturnitas,
1530 3509 1558 3554 et
1588 3497 1664 3552 inulti
1697 3496 1896 3554 Donatistarum

254 3585 406 3644 Donatistae
431 3602 503 3663 gesta
526 3602 585 3646 suat
609 3608 639 3648 ca
662 3609 720 3661 quc
743 3595 871 3652 translatu
892 3597 920 3652 in
949 3599 1053 3668 palatim
1103 3590 1225 3662 episcopi
1242 3592 1275 3644 ad
1291 3606 1385 3663 pacem
1400 3588 1560 3645 cotltolicant
1577 3588 1727 3657 redierint,
1752 3599 1780 3644 et
1795 3588 1897 3662 quiduis

255 3683 412 3738 ntaniutmta
438 3683 531 3741 ιιιιιι
560 3686 678 3742 aciamus
709 3696 860 3760 perpetuam
891 3689 1049 3762 firmitatem.

256 3772 347 3845 Neque
356 3779 424 3830 euim
434 3787 516 3832 marte
526 3778 666 3850 cognitoris
680 3782 763 3849 perite
773 3781 845 3836 debet
859 3783 963 3854 publica
974 3785 1049 3855 fides.

254 3863 316 3920 Dat.
330 3881 359 3920 ιιι
379 3864 482 3922 intend.
498 3868 647 3939 Septemb..
668 3869 764 3941 Rutu,
781 3872 932 3930 Constantio
946 3886 969 3931 et
983 3876 1053 3933 Can-

253 3964 337 4013 staute
349 3974 415 4013 ears.
436 3958 489 4015 Sed
504 3957 537 4015 ad
552 3960 631 4030 itujus
648 3962 715 4033 logis
729 3963 787 4022 sive
801 3967 926 4035 rescripti
942 3977 1052 4024 senten·

210 4093 212 4097 ,
254 4050 316 4104 tiam
338 4049 559 4121 intelligendam,
582 4054 735 4109 necessaria
755 4053 804 4111 luit
827 4055 985 4114 Callatiauis
1010 4059 1053 4114 lti-

252 4144 337 4201 staria
361 4159 443 4216 quom
454 4145 579 4217 exposui.
595 4146 628 4202 lit
641 4154 672 4202 ut
684 4146 835 4220 fragmenta
847 4150 975 4224 colligam
989 4168 1051 4221 ιιι

252 4236 376 4309 disperso
400 4238 572 4311 dissectotpue
594 4255 648 4295 nau
668 4240 876 4318 intelliguntur:
896 4245 1051 4318 ntmeadp'i·

251 4333 321 4388 ciam
340 4332 411 4405 quod
428 4333 562 4394 Hortarius
577 4334 681 4401 scribit,
702 4343 730 4391 et
743 4335 776 4390 od
791 4337 861 4394 ltuue
876 4337 966 4394 locutu
988 4355 1051 4410 per·

254 4423 330 4492 tinet,
349 4425 435 4496 iuquit
453 4426 499 4484 lib.
516 4442 564 4493 tut,
580 4442 640 4498 cop.
654 4428 707 4483 te:
723 4427 771 4484 liis
786 4429 874 4485 diebus
887 4433 1051 4507 praeripiente
1082 4473 1084 4476 ψ

1103 3699 1137 3739 ca
1152 3684 1262 3740 notulae
1284 3684 1318 3738 ab
1332 3683 1482 3739 Donatistis
1500 3684 1572 3754 passi
1592 3682 1656 3738 sint.
1680 3682 1787 3739 lutereo
1811 3696 1894 3738 mutan

1105 3779 1176 3833 idem
1190 3777 1332 3834 Possidius
1346 3777 1440 3849 adjicit
1458 3792 1512 3833 nau
1530 3777 1649 3833 defuisse
1666 3777 1714 3849 qui
1731 3779 1895 3844 calumniose

1102 3872 1227 3930 dicerent
1249 3887 1302 3927 aaa
1324 3871 1408 3927 tuisse
1426 3872 1575 3947 permissus
1591 3872 1745 3930 Donatistas
1759 3873 1830 3944 opud
1853 3887 1897 3946 pa

1103 3973 1228 4020 testatem
1244 3979 1304 4035 qttae
1319 3978 1428 4018 causatu
1443 3963 1557 4029 audivit,
1574 3962 1665 4020 dicere
1678 3968 1768 4019 autuia
1784 3962 1896 4036 prositis

1102 4055 1243 4126 partibus,
1263 4055 1390 4125 quoniam
1404 4054 1547 4111 catltalieuc
1560 4058 1762 4113 communionis
1775 4058 1896 4127 coguitor

1102 4162 1158 4202 suos
1173 4147 1282 4202 istebat
1298 4145 1438 4201 Ecclesia.
1469 4147 1523 4201 Sed
1544 4147 1651 4202 inaueut
1671 4149 1753 4204 luisse
1766 4146 1837 4204 banc
1850 4163 1893 4201 ca·

1102 4240 1269 4296 villotioaetu
1286 4238 1426 4294 Possiditts
1440 4238 1568 4296 ostendit.
1591 4239 1643 4295 ulti
1660 4240 1798 4312 lingebant
1812 4237 1893 4312 prelia

1101 4344 1260 4404 carrttptnnt
1277 4332 1462 4389 llorcellinum
1478 4331 1571 4389 luisse.
1602 4331 1655 4389 Sed
1672 4332 1724 4388 troc
1737 4332 1830 4389 eadern
1847 4338 1894 4386 tnt-

1103 4425 1232 4497 pudentia
1251 4423 1380 4481 dicebant
1399 4439 1451 4493 apta
1471 4424 1535 4480 alim
1553 4438 1615 4479 eum
1631 4424 1814 4495 appellassent
1827 4422 1894 4479 Can·

255 4514 386 4581 Honorio,
400 4533 453 4589 pan
466 4529 490 4573 ιι
506 4519 591 4574 annitar
610 4536 656 4594 per
669 4521 814 4576 postumam
827 4522 943 4594 apricam
960 4523 1050 4582 [0012.
1102 4518 1272 4583 stontiuum,
1296 4527 1322 4571 ct
1346 4517 1369 4572 is
1388 4514 1561 4572 Caecilianum
1581 4516 1746 4572 altsaluisset
1771 4515 1894 4571 doutuas·

251 4606 299 4661 site
310 4608 445 4664 catltalictc
457 4609 558 4664 reddita
573 4619 626 4678 ιιι,
651 4622 675 4666 ιι
689 4628 782 4682 eorpus
795 4611 892 4669 Citristi
907 4614 987 4688 (gaad
1002 4633 1049 4672 uos
1064 4608 1199 4681 [istique
1222 4609 1356 4665 Donatutu
1370 4650 1377 4674 t
1401 4607 1518 4663 iiiiiiiii
1543 4617 1605 4663 sunt
1630 4618 1788 4679 0⁰iii¹tli¹¹¹¹i
1815 4609 1893 4664 [iiiiii

251 4699 353 4770 tumus)
367 4700 543 4777 redintegrata
558 4703 710 4762 discissione
723 4718 842 4764 amintam
856 4720 910 4778 eat,
927 4711 1049 4784 imposita
1100 4702 1303 4789 itttperatarem.
1329 4702 1419 4772 Atque
1437 4709 1467 4755 ut
1487 4701 1672 4772 intelligamus
1692 4699 1757 4755 uiltil
1776 4717 1829 4756 nan
1848 4713 1891 4754 eas

250 4794 399 4851 metatione
425 4796 509 4852 tancti
538 4799 659 4868 precepti
686 4800 840 4858 ιιιιιιιιιιιο
866 4805 969 4861 ιιιιιιιιι
993 4806 1048 4861 uiro
1100 4809 1235 4868 captasse,
1247 4796 1318 4868 quad
1330 4796 1571 4858 calumniarentur,
1584 4794 1666 4850 etiam
1678 4796 1820 4865 conquesti
1834 4800 1892 4849 suut

249 4883 377 4953 imprimit
398 4889 517 4957 prudenti
532 4899 555 4946 et
575 4891 705 4949 industria
719 4896 884 4968 amniumque
899 4898 1048 4955 studiorum

251 4978 376 5030 banorum
389 4985 618 5054 appetentissimo,
641 5003 716 5058 quem
729 4985 850 5044 Marinus
871 5007 955 5047 comes
975 4994 1049 5065 apud

250 5068 433 5143 Carthaginem
461 5077 607 5150 incertum,
640 5083 695 5138 sela
717 5084 887 5154 stimulatas,
918 5103 952 5141 an
981 5105 1047 5145 aare

249 5174 405 5236 ιιιιιιριιιι,
427 5169 541 5227 ιιιιιιιι.·
561 5174 606 5244 pai
618 5177 738 5231 continno
752 5188 887 5235 resecatus
900 5196 932 5234 eu
943 5179 1046 5255 Africa,

249 5263 384 5332 iactatque
398 5261 524 5335 priuatus,
535 5266 574 5321 ιιι
588 5268 623 5322 ad
636 5286 747 5342 punam,
758 5270 800 5326 ιιι
810 5272 845 5328 nd
859 5276 1046 5344 penitentiam,

248 5353 413 5408 conscientiae
437 5370 492 5410 ιιι
513 5356 635 5414 dimissus
659 5372 706 5418 est.
740 5361 803 5419 Haec
826 5365 947 5421 Orosius.
980 5366 1047 5437 Quae

248 5444 357 5517 quidem
372 5444 492 5502 indicant
506 5449 566 5519 attis
582 5447 661 5507 tuerit
675 5454 733 5510 siro
749 5453 867 5527 tructus,
885 5457 1046 5517 sinceritas

248 5535 407 5594 Callatianis
425 5554 486 5596 eum
501 5539 660 5609 antrannis,
676 5549 779 5619 etquid
795 5533 1044 5608 eom'eausecutum

248 5628 295 5695 sit,
313 5641 343 5688 ut
354 5644 382 5690 ct
403 5633 437 5689 iis
456 5636 570 5694 solicitat
587 5637 632 5708 qtti
652 5650 777 5709 quarunt
795 5646 891 5710 ecattid
915 5647 960 5718 illo
983 5663 1048 5722 pto·

250 5715 355 5776 fueriti
373 5729 410 5782 uc
423 5734 532 5803 quidem
544 5736 662 5808 primum
676 5736 829 5808 respondeo
840 5737 874 5791 de
888 5738 1046 5809 Donatistis,

247 5810 319 5884 otlod
334 5812 514 5900 Diarranpmus
524 5830 745 5906 debueiieriapis
755 5844 849 5890 eorum
860 5844 944 5912 prope
954 5832 1046 5908 sociis,

1101 4899 1183 4948 noctu
1196 4890 1382 4946 Marcellinum
1396 4887 1543 4957 judicasse.
1560 4886 1612 4957 ipsi
1626 4886 1779 4943 cavillando
1793 4889 1819 4943 in
1834 4885 1891 4942 cal·

1100 4986 1200 5041 latione
1214 4982 1269 5055 jam
1285 4983 1356 5038 diem
1369 4990 1611 5051 consumpserant,
1633 4989 1660 5034 at
1676 4980 1705 5035 iu
1719 4981 1840 5037 t'euebris
1853 4977 1890 5034 ei·

1099 5076 1232 5149 ingerent.
1261 5072 1347 5130 iudet
1364 5072 1458 5148 taleas
1482 5086 1530 5128 sua
1553 5070 1682 5143 patientia
1700 5071 1734 5125 iis
1750 5070 1890 5143 precidere

1099 5184 1208 5226 ottttteut
1225 5169 1251 5223 iu
1268 5175 1405 5238 pasturum
1424 5166 1596 5221 occasionem
1609 5164 1691 5235 iustae
1706 5163 1888 5236 querimonia,

1099 5263 1246 5333 otljieiebot
1271 5260 1463 5332 clepsydram,
1488 5268 1515 5314 ct
1542 5259 1695 5327 patiebatur
1720 5274 1768 5314 aas
1790 5256 1889 5329 attioris

1099 5358 1213 5422 dicere,
1239 5356 1422 5426 potiusquam
1438 5351 1572 5407 actionem
1594 5350 1817 5420 interrumperet.
1839 5343 1889 5403 Sed

1100 5462 1190 5509 tomen
1206 5452 1331 5514 tanatem,
1347 5447 1511 5501 senitentiam
1527 5444 1603 5506 tulit,
1624 5459 1686 5498 rum
1701 5444 1738 5499 illi
1751 5443 1887 5506 dixissent,

1098 5558 1124 5602 et
1140 5546 1241 5601 tlixissc
1256 5560 1287 5601 se
1299 5542 1418 5598 cattlessi
1432 5552 1543 5598 essent:
1561 5553 1658 5609 neque,
1674 5539 1735 5607 ouis
1749 5540 1836 5593 sarius
1847 5536 1890 5608 ju·

1098 5640 1249 5704 dicaverat,
1259 5645 1403 5708 propterca
1418 5649 1474 5691 rem
1486 5633 1633 5705 judicatam
1646 5629 1716 5685 eludi
1731 5643 1828 5701 passus
1840 5636 1892 5712 ιιι.ι

1099 5732 1200 5788 (icilius
1213 5729 1283 5785 liltru
1294 5727 1401 5784 decimo
1413 5734 1509 5799 quarta
1522 5724 1617 5781 scribit
1629 5720 1887 5778 senatusconsultum

1102 5837 1153 5888 pec
1167 5831 1230 5882 ante
1244 5827 1367 5882 erorum
1381 5860 1389 5891 ,
1405 5835 1456 5884 nec
1469 5829 1529 5896 post
1541 5835 1667 5886 occasum
1682 5822 1769 5878 saleru
1784 5819 1887 5890 lactum,
