4142 6175
243 124 314 186 ltes
974 102 1159 166 uersutus.
1825 86 1900 151 ΝΜ

242 235 429 306 episcopatum
441 230 560 302 gessisse
578 247 584 283 ι
609 227 657 283 seu
680 226 748 281 alius
771 223 871 282 deitatis
894 221 1043 280 dissimiles
1055 219 1082 283 Δ
1094 216 1163 271 rium
1180 216 1259 271 Rom.
1274 223 1302 271 et
1318 211 1441 269 Ecclesia
1453 210 1609 266 Christiana
1629 205 1749 263 masinae
1761 203 1901 269 nurchi,

241 324 339 381 inisse:
352 332 453 395 qssoset
465 318 669 377 incredibilibus
679 317 956 375 calumniisiuseetati
966 326 1044 382 sunt,
1094 308 1145 379 ipsi
1155 308 1320 364 deiecissent
1333 306 1367 361 alt
1383 303 1515 360 Ecclesia.
1531 301 1626 369 Neque
1639 298 1808 368 Augustinus
1824 310 1905 352 nunc

243 428 273 473 ut
287 417 324 472 ait
343 416 509 488 Augustinus
522 414 549 469 in
564 414 634 468 lilsro
646 411 680 467 tle
694 410 774 466 urtice
794 409 943 479 Baptismo.
962 407 1044 463 Deui·
1093 401 1209 467 emeat,
1226 410 1256 456 ut
1270 398 1346 455 iilum
1360 397 1436 453 Pauli
1450 396 1485 452 ad
1498 394 1758 451 Thessalonicenses
1768 390 1804 446 Ee
1818 389 1905 467 Auti-

243 525 296 582 quc
309 503 686 571 etantsarunttlarectttncm
698 501 857 568 lliltiatlem,
866 500 1041 563 silvestrum.
1093 493 1198 555 ultristu
1211 493 1298 548 lucum
1313 497 1432 561 exponat
1447 485 1537 559 :quoti
1554 494 1648 556 pttstea
1661 482 1768 539 lecitad
1782 481 1904 537 llarcel·

242 617 298 658 nou
309 597 729 668 minassuatlituresluissequam
743 595 928 652 Caecilianum.
945 591 1043 649 Mirum
1093 588 1179 645 linum
1195 596 1317 643 nostrum
1335 587 1405 643 lituu
1419 600 1467 651 xx,
1482 580 1573 665 capite
1589 580 1633 645 iD,
1649 578 1684 635 tle
1697 578 1811 634 Ciuitate
1838 576 1905 632 Dei.

134 688 138 699 ’
243 708 320 759 sero,
333 691 487 763 potiusnon
499 687 744 759 obiecisseLilrerii
755 684 1045 757 qtttttudttmdesetl'ttt·
1094 680 1211 737 'lantum
1227 693 1299 735 nuuc
1311 677 1402 742 diluit,
1416 675 1488 759 quod
1507 690 1541 731 es
1565 673 1668 730 Hilario
1684 668 1837 727 Donatistae
1850 669 1905 725 ola·

243 799 318 851 nem,
334 793 362 839 ct
376 782 481 839 Damasi
492 780 538 853 qui
554 779 580 834 ei
593 779 738 845 suecessit,
757 776 915 835 setlitiusam
934 776 1044 833 ordina·
1091 773 1224 846 moerent.
1240 771 1335 828 llilarii
1350 768 1431 826 uerita
1451 768 1479 823 in
1502 767 1549 823 lilr.
1561 767 1595 821 de
1606 764 1710 838 Synotl.
1733 763 1792 817 lane
1812 770 1903 817 sunta

243 878 357 943 tionem,
381 874 461 946 uttam
482 884 511 929 et
534 871 673 943 Pelagiani
694 880 836 942 propterea
860 869 1041 940 exagitarunt.
1094 869 1188 925 Aurini
1201 878 1225 922 et
1237 867 1289 921 ciui
1302 863 1363 923 uitia
1374 862 1542 934 presentium
1554 876 1606 915 uon
1621 860 1758 920 micarum,
1772 856 1818 911 sed
1830 856 1906 926 epis·

242 966 311 1023 Nam
325 966 351 1023 iti
364 966 531 1038 Augustinus
543 964 687 1035 siguilieat,
701 977 762 1018 cum
776 962 847 1017 libre
859 968 1043 1017 sestueontra
1095 977 1227 1034 cuparum.
1254 958 1325 1014 illan
1337 960 1433 1026 niaque
1445 956 1568 1024 episcopo
1577 951 1687 1008 Eleusin
1699 960 1724 1006 et
1734 950 1827 1020 ριιιάι
1838 965 1904 1003 essa

243 1058 345 1117 latiae.
363 1059 466 1130 inquit:
482 1057 521 1112 Dc
534 1057 713 1113 constituendo
727 1058 846 1127 episeopo
859 1054 1046 1109 uiscerationem
1095 1072 1136 1124 eo,
1150 1070 1183 1111 en
1195 1053 1289 1125 nscicri
1303 1059 1376 1124 porte
1384 1048 1490 1104 Ariona
1502 1047 1590 1102 Auen
1599 1043 1740 1118 prouinciae
1748 1040 1905 1096 Deamuea·

170 1204 177 1218 ,
244 1148 883 1224 popuiiiiout.ittsultuiunttusobiectus.Nututu
899 1157 989 1205 aulem
1003 1136 1057 1203 est‘
1095 1147 1175 1203 munt.
1192 1144 1391 1213 Atquetuiuom
1418 1157 1476 1196 ιιιιιι
1498 1138 1635 1194 accusent.
1660 1133 1726 1191 Cum
1750 1133 1907 1205 procliniori

245 1258 279 1301 es
300 1244 454 1311 Ammiano,
476 1242 564 1314 qualis
579 1252 607 1300 et
621 1258 701 1313 quam
720 1253 832 1298 cruenta
847 1240 929 1296 leserit
941 1255 972 1296 ea
988 1239 1046 1296 dis·
1095 1242 1164 1297 enirn
1177 1240 1252 1295 nenio
1268 1240 1419 1312 ignorarent
1432 1250 1511 1306 numu
1533 1232 1711 1288 obtrectarent
1727 1229 1756 1284 st
1769 1228 1903 1284 Donatis-

245 1336 357 1406 scusio,
379 1352 440 1394 cum
455 1338 588 1393 Damasus
602 1346 741 1392 crearetur
760 1337 915 1407 episcopus.
941 1333 995 1392 Sed
1018 1344 1048 1390 et
1096 1339 1131 1387 tm
1142 1333 1205 1388 ltine
1217 1330 1332 1401 probare
1344 1323 1694 1392 uoleDaotEcclesiasuiam
1707 1331 1763 1375 tum
1775 1321 1803 1375 in
1816 1319 1909 1392 359

243 1428 368 1486 Julianus
380 1427 554 1500 pelagianus,
569 1443 630 1484 cum
644 1429 718 1484 sedis
737 1428 866 1483 llnmanae
884 1427 1047 1482 auctoritate
1095 1428 1162 1483 orlto
1179 1426 1311 1496 periisse,
1327 1423 1419 1493 inepte
1441 1421 1533 1476 Asiatn
1553 1433 1602 1487 pru
1618 1423 1676 1471 tuto
1694 1413 1761 1470 urbe
1784 1410 1908 1481 accipie-

244 1534 429 1593 premeretur,
442 1521 523 1576 etiam
540 1520 628 1590 ipsum
644 1520 685 1591 (ut
704 1520 742 1574 ait
755 1519 852 1575 euclem
868 1518 1047 1587 lucoAugus-
1096 1505 1906 1590 baut.Quiaimaineodemiibrolllluriusconfltetursalteut

244 1613 332 1684 Datus)
348 1612 435 1667 beatur
457 1610 768 1681 mentucicazusimum,
791 1610 948 1681 apostolieae
971 1608 1045 1664 sedis
1060 1611 1191 1677 licerii-p
1207 1620 1235 1667 et
1248 1609 1393 1667 Britannia
1408 1606 1546 1663 Ecclesiae
1563 1604 1589 1659 in
1606 1602 1658 1658 Acie
1675 1602 1780 1657 sisteera
1806 1597 1908 1668 persti-

245 1706 420 1778 episcopum,
434 1702 663 1775 prevaricationis
674 1702 820 1758 accusavit.
837 1701 936 1757 l'crum
951 1701 996 1756 utu
1009 1708 1049 1756 ta·
1102 1707 1178 1763 sisse.
1194 1705 1364 1776 Nequcsero
1378 1696 1612 1757 atinusAlricanae
1631 1695 1762 1751 Ecclesia
1776 1692 1907 1748 Arianis-

246 1799 506 1871 liuabjieieltautur,
523 1794 1051 1866 Catltulieirespondebautessecalum·
1101 1815 1175 1856 ntum
1199 1797 1363 1867 reiecerunt.
1390 1793 1443 1851 secl
1477 1791 1644 1862 Augustinus
1665 1789 1717 1845 alia
1740 1786 1908 1844 dunestane

246 1891 306 1949 nias
321 1909 328 1944 :
342 1898 371 1948 et
382 1892 445 1946 licet
460 1906 522 1947 svera
534 1890 647 1946 crituiua
663 1898 765 1954 esseut,
786 1900 873 1944 tanteu
887 1887 992 1958 priuata
1008 1887 1050 1941 ti·
1102 1892 1196 1946 utitur.
1212 1887 1353 1957 Quanam?
1379 1886 1424 1940 Ait
1436 1883 1568 1940 llilarium
1594 1882 1689 1938 decem
1705 1877 1908 1950 prouinciarum

247 1985 285 2041 tia
301 2000 481 2057 personarum
503 1983 627 2054 religioni
641 1991 669 2038 et
691 1982 831 2048 Ecclesia,
856 1996 916 2052 uuae
938 1989 966 2036 ct
987 1980 1052 2047 talia
1102 1983 1263 2039 Asianorum
1289 1979 1392 2035 zizania
1416 1977 1551 2049 arguisse,
1578 1991 1632 2030 uun
1652 1976 1740 2044 ipsum
1765 1973 1909 2029 triticum:

246 2086 359 2149 peccata
375 2075 485 2131 domitat
500 2091 553 2130 utin
572 2075 679 2130 olresse.
697 2074 761 2129 Plus
778 2073 918 2130 ualuisset
938 2073 1049 2140 coloris,
1102 2078 1244 2132 autetiam
1262 2075 1351 2146 ipsum
1364 2073 1494 2137 triticum,
1505 2070 1577 2141 ouotl
1592 2070 1701 2125 tuceta
1716 2067 1833 2139 quodsnt
1858 2083 1911 2138 po-

248 2168 272 2225 si
286 2167 434 2224 Donatistae
448 2167 621 2237 objecissent,
634 2165 706 2236 quod
720 2166 779 2235 ipse
792 2166 856 2221 ulitu
869 2164 1051 2225 Tertullianus
1102 2168 1249 2231 riclitatnr,
1262 2176 1365 2238 qttattto
1379 2164 1582 2227 uehementius,
1599 2169 1674 2217 muto
1687 2160 1778 2217 utilius
1789 2175 1912 2231 arguett·

248 2259 316 2318 Aicr
327 2260 353 2314 iu
368 2259 439 2314 liltru
451 2268 545 2314 contra
558 2258 689 2313 Praseum
704 2266 857 2325 notaverat,
871 2256 931 2328 cius
946 2266 1053 2325 tempo·
1102 2259 1167 2318 dum
1185 2274 1247 2316 esse
1269 2268 1388 2329 putasse.
1406 2258 1452 2314 Ait
1474 2256 1630 2312 Donatistae
1652 2253 1810 2310 calumniari
1820 2252 1911 2308 tincto

251 2351 292 2408 ris
307 2350 455 2406 antistitem
473 2349 626 2405 Romanum
643 2364 727 2420 prope
748 2347 938 2405 llutttauistam
956 2348 1051 2414 luisse,
1103 2355 1175 2419 uiro,
1196 2353 1241 2424 qui
1253 2353 1375 2424 grauiter
1389 2350 1556 2421 increpabat,
1572 2363 1627 2419 quo
1651 2349 1748 2405 iterum
1770 2349 1910 2419 parturie-

252 2454 281 2501 et
296 2443 399 2514 reliqua
420 2443 623 2510 cumulassent,
642 2457 703 2513 qun
718 2442 776 2511 ipae
796 2441 980 2497 Tertullianus
1002 2454 1052 2497 suo
1102 2447 1167 2503 bat:
1183 2457 1210 2502 et
1224 2446 1320 2502 eodem
1335 2444 1416 2501 modo
1431 2444 1553 2516 potense
1565 2443 1669 2507 dicere,
1694 2458 1744 2498 nec
1759 2450 1800 2498 tut
1812 2442 1911 2497 Eccle-

250 2533 391 2592 schismati
405 2533 564 2591 obtenditis
575 2532 645 2588 libro
655 2532 689 2590 dc
701 2533 794 2589 Putlie.
804 2543 831 2589 et
843 2542 938 2591 eotttra
951 2532 1050 2603 Psyctt.
1102 2540 1157 2595 sias
1176 2538 1289 2595 Galatiae
1303 2549 1367 2594 trtnc
1381 2536 1474 2601 luisse,
1489 2534 1598 2608 quanda
1620 2534 1729 2590 dicebat
1745 2533 1908 2604 Apostolus,

249 2626 303 2685 Sed
319 2627 360 2683 usi
371 2638 435 2684 suut
454 2637 569 2697 patrono
581 2623 725 2695 Petiliana,
736 2626 781 2696 qui
797 2635 850 2680 tant
865 2623 914 2681 iuit
928 2623 1051 2694 ineptus.
1105 2628 1128 2685 0
1141 2631 1212 2686 stulti
1225 2629 1337 2697 uetare,
1349 2640 1402 2685 etc.
1418 2629 1463 2683 Ait
1478 2629 1626 2684 Ecclesiam
1647 2626 1794 2699 aliquando
1807 2627 1911 2683 abscu-

249 2737 330 2794 quam
344 2721 509 2777 itteratoliut
523 2736 586 2779 acer
603 2730 632 2779 et
652 2720 801 2777 ueitemeus
813 2719 1007 2775 Tertullianus.
1023 2718 1052 2775 Si
1103 2726 1169 2788 rari,
1192 2734 1219 2780 et
1237 2733 1375 2790 nmquam
1395 2721 1550 2778 cunabilari
1578 2720 1751 2776 multitudine
1764 2720 1911 2776 sandalo-

250 2812 451 2871 Tertuliiauum
477 2815 593 2870 alterum
614 2813 773 2871 habuissent
799 2828 909 2869 suarum
935 2812 1052 2883 partiunt
1104 2838 1163 2877 pum
1179 2840 1186 2876 :
1200 2821 1248 2876 seii
1261 2821 1342 2876 etism
1358 2831 1421 2875 tunc
1434 2819 1461 2874 ta
1477 2820 1534 2877 suis
1545 2816 1708 2872 firmissimis
1718 2817 1841 2872 eminere
1857 2833 1864 2870 t
1881 2825 1912 2871 et

251 2902 280 2965 iu
295 2904 458 2973 Collatione,
476 2908 562 2977 magis
576 2905 703 2962 sudasset
716 2906 892 2974 Augustinus.
907 2904 984 2961 littus
994 2905 1053 2961 lan-
1103 2911 1250 2983 aliquanda
1261 2909 1462 2967 tttnltitndinem
1478 2907 1676 2980 tranquillitate
1687 2909 1819 2979 temporis
1831 2911 1911 2979 que

251 2999 349 3073 guidus
368 3006 395 3054 ei
409 2997 506 3053 lltDileS
525 2997 635 3054 llittcele
652 2997 730 3054 facile
745 2996 804 3053 luit.
820 2997 887 3053 Nam
903 3004 932 3053 ei
950 2996 973 3052 Si
988 2995 1052 3067 qltiti
1066 3000 1090 3066 (i
1105 3013 1131 3061 ta
1146 3012 1174 3059 pl
1187 3004 1272 3059 libera
1287 3017 1418 3075 apparere
1435 3018 1441 3056 :
1458 3000 1604 3073 aliquando
1625 3002 1805 3058 tepigiiopum
1819 3012 1848 3056 οι
1860 3002 1912 3056 ipi-

254 3097 398 3166 obiiciunt,
415 3097 478 3166 nutu
492 3096 565 3152 attat
587 3111 678 3165 cistam,
695 3104 726 3151 ut
747 3094 784 3149 ait
797 3095 890 3158 Poeta,
904 3095 986 3150 telum
1003 3097 1053 3149 im·
1103 3097 1272 3154 bulationem
1294 3095 1421 3151 [luctibus
1440 3095 1543 3165 operiri
1556 3104 1639 3164 attice
1659 3095 1824 3165 perturbari.
1842 3094 1911 3151 Tale

251 3188 392 3246 bellasius
404 3190 460 3244 ictu
471 3197 671 3259 contorquent,
684 3186 728 3243 vel
744 3187 827 3258 (pucati
840 3187 951 3259 elicitur)
966 3189 1054 3258 plum·
1103 3197 1317 3266 autemtempus
1330 3188 1423 3252 luisse,
1436 3189 1471 3244 tle
1483 3203 1538 3260 otto
1547 3188 1660 3258 scripsit
1673 3186 1803 3242 ililarius.
1816 3187 1909 3253 Atlcle,

252 3282 334 3340 licum
346 3293 373 3339 et
393 3284 519 3338 obtusum
541 3282 684 3354 pugionem
701 3280 856 3337 intentanti
870 3280 941 3337 eece
961 3295 995 3336 ue
1009 3295 1056 3333 va·
1105 3282 1186 3355 paulo
1201 3293 1272 3353 pust,
1287 3292 1409 3351 tempore
1429 3279 1587 3344 Theodosii,
1608 3280 1757 3337 Ecclesiam
1773 3280 1848 3335 illam
1867 3289 1910 3336 ot·

252 3375 310 3449 8³1³
331 3376 359 3430 in
374 3388 438 3431 tete
450 3375 617 3440 viderimus,
633 3384 771 3444 magere,
791 3373 850 3428 siue
864 3372 920 3428 uilo
933 3373 1055 3430 testimu-
1104 3391 1219 3447 cumqtre
1229 3376 1371 3432 liberatam
1388 3374 1527 3439 inissent
1542 3390 1636 3431 rursus
1650 3386 1734 3442 esset,
1747 3375 1837 3442 qmttg
1852 3375 1911 3430 iae·

252 3468 311 3531 uio,
334 3466 481 3536 aliquando
500 3464 600 3537 iittqttit
612 3467 777 3535 Augustinus
798 3465 878 3535 epist.
895 3464 941 3537 l8)
967 3464 1051 3521 telstti
1104 3479 1147 3524 rat
1169 3478 1290 3539 tempure
1303 3467 1486 3525 Constantini.
1506 3468 1595 3537 Addo,
1619 3469 1854 3524 annuissimilcm
1870 3470 1910 3524 ti·

251 3556 415 3615 insidiantes
431 3556 592 3612 testimoniis
607 3555 716 3618 divictis,
732 3563 869 3636 tamqttam
888 3555 943 3626 iam
958 3557 1055 3627 periis-
1105 3558 1293 3616 cissitutliuem
1306 3560 1373 3615 ulitn
1394 3559 1481 3615 uisam
1499 3573 1560 3614 esse
1579 3567 1607 3614 et
1629 3559 1655 3614 iu
1678 3573 1763 3630 ιιιςιιιι
1784 3558 1908 3615 Danielis.

256 3661 299 3710 set
314 3649 436 3707 Ecclesia
454 3649 490 3706 de
504 3648 570 3704 urbe
594 3659 747 3715 terrarum,
771 3648 937 3719 objiciebant
960 3648 1056 3704 llilatii
1105 3650 1160 3707 Sctl
1181 3650 1355 3722 interruptio,
1371 3665 1433 3722 quse
1445 3650 1553 3707 ridetur
1567 3651 1773 3708 continuitatem
1798 3652 1911 3708 abrum-

254 3740 400 3815 quautdam
415 3740 614 3812 querimoniam
628 3739 662 3795 tle
683 3740 829 3811 prouinciis
842 3739 980 3805 Asiaticis,
995 3755 1056 3811 qtae
1106 3757 1183 3813 pere,
1199 3758 1252 3798 raon
1267 3742 1562 3814 toilitperpetuitstem.
1575 3740 1808 3809 tantummono
1824 3744 1912 3800 Dona·

254 3831 350 3888 Arium
363 3831 555 3902 sequebantur.
572 3830 712 3899 Poterant,
731 3831 754 3885 si
769 3830 910 3889 doctiores
922 3832 1057 3890 acriores·
1107 3839 1183 3892 tistas
1197 3836 1319 3902 redeam,
1337 3838 1360 3891 si
1382 3851 1416 3892 cx
1441 3835 1543 3891 ililarin
1568 3835 1670 3906 aliquid
1690 3835 1812 3906 prolerre
1831 3837 1911 3893 role-

252 3941 305 3998 que
321 3924 452 3990 luissent,
466 3925 548 3980 talem
563 3926 707 3994 apostasiae
720 3925 958 3994 exprobrationem
974 3939 1056 3993 esstg·
1106 3932 1182 4000 haut,
1201 3931 1273 4003 osted
1293 3933 1445 4001 Augustino
1458 3931 1608 4001 obiicerem
1627 3934 1654 3987 ia
1679 3930 1732 3987 isac
1743 3945 1837 3998 causa,
1859 3946 1910 3988 cur

253 4032 361 4090 gerare.
377 4016 443 4072 Nam
469 4016 526 4083 ipse
549 4013 730 4086 llieruupnrus
744 4023 838 4072 centra
862 4028 950 4070 error.
973 4012 1055 4069 luau.
1107 4038 1162 4080 nott
1181 4024 1270 4093 potius
1284 4025 1456 4094 protulerunt
1469 4022 1541 4091 nitati
1556 4022 1675 4078 llilarius
1691 4021 1800 4092 scripsit
1813 4031 1907 4078 eontra

254 4112 372 4170 iliceos:
388 4110 479 4166 Totum
495 4108 603 4183 (insistit)
620 4108 762 4176 Orientem,
786 4121 891 4182 excepto
914 4110 1057 4164 Atltuuusic
1107 4116 1271 4171 Autetttium
1288 4115 1322 4171 tle
1336 4114 1476 4172 Ecclesia?
1487 4112 1541 4170 uer
1555 4131 1608 4170 non
1624 4125 1721 4186 urgent
1736 4113 1810 4184 qaeu
1822 4114 1910 4184 scrip-

255 4215 279 4263 et
296 4205 425 4269 Paulinae,
446 4203 605 4259 Asianorum
618 4205 723 4259 heresis
736 4203 894 4277 possidebat.
916 4203 973 4258 lum
992 4219 1057 4262 vcro
1107 4208 1142 4263 sit
1156 4207 1280 4272 liulinus,
1297 4207 1428 4264 Ecclesiae
1440 4206 1537 4263 taciem
1548 4207 1605 4276 iam
1618 4223 1652 4262 eo
1671 4216 1794 4277 munnere
1807 4205 1907 4262 tetam

255 4299 466 4355 etOccitlentem
482 4306 655 4368 peruaserat,
671 4307 699 4353 et
719 4296 808 4366 ipsum
822 4297 979 4366 semetipum
1000 4296 1056 4352 llu-
1108 4299 1255 4357 eumanum
1271 4300 1373 4356 luisset
1391 4299 1448 4354 lum
1460 4314 1527 4354 sero
1549 4313 1598 4354 cur
1620 4313 1674 4354 uon
1696 4297 1831 4365 obiiciunt
1843 4313 1909 4368 gra·

255 4406 365 4446 mansam
375 4389 529 4459 infregerat.
541 4388 730 4457 Quidmultisi
741 4387 856 4443 Basilius
868 4389 948 4458 epist.
958 4389 1003 4454 tto,
1016 4387 1056 4442 ia·
1070 4378 1209 4449 livionem
1234 4393 1431 4463 querimoniam
1457 4391 1547 4448 Basilii
1570 4401 1599 4448 et
1626 4391 1798 4459 ltstrriltilem,
1826 4407 1908 4462 quam

255 4491 329 4540 tetur
341 4498 402 4539 sese
423 4484 559 4552 cogitasse
585 4481 717 4552 principia
736 4480 886 4538 esseillius
910 4483 1055 4552 apostasia
1109 4486 1166 4550 edit
1187 4487 1318 4556 picturam
1334 4486 1462 4542 Ecclesia,
1476 4483 1518 4560 (tu
1537 4483 1574 4540 ite
1588 4484 1678 4541 dicam
1700 4484 1825 4554 actitasse)
1842 4499 1910 4540 cen-

255 4578 333 4649 cuius
349 4576 471 4633 meminit
493 4576 637 4632 iaruman
658 4575 755 4630 Thess
771 4575 933 4646 Nequeuuu
950 4577 975 4630 iu
992 4574 1056 4631 Cui·
1109 4580 1194 4640 susa?
1212 4581 1267 4638 Cur
1281 4597 1335 4636 nou
1349 4580 1468 4636 clamant
1488 4580 1682 4653 llierunymum
1703 4580 1839 4645 confiteri,
1855 4579 1909 4635 Ee·

255 4668 357 4728 latione
373 4670 518 4730 Donatistae
532 4668 652 4736 olrjicese
666 4674 807 4737 poterant,
829 4668 923 4723 urbem
939 4667 1054 4723 Rumam
1109 4672 1200 4729 clesiae
1213 4675 1305 4730 lacem
1320 4690 1369 4745 pru
1384 4675 1503 4731 Ecclesia
1518 4676 1685 4745 superiuisse
1695 4684 1818 4745 tempore
1828 4674 1910 4745 Attius

255 4775 270 4814 a
285 4761 410 4817 Batitaris
420 4771 525 4831 captum
538 4775 609 4824 esse,
627 4771 655 4815 et
669 4760 813 4829 imperium
832 4758 986 4815 Romanum
998 4761 1055 4828 iam
1108 4764 1288 4822 collationis?
1301 4766 1356 4823 Cur
1369 4782 1422 4821 non
1438 4768 1522 4836 ipsius
1537 4767 1678 4838 Augustini
1688 4766 1722 4823 ao
1734 4767 1821 4836 ipsum
1835 4765 1910 4822 liar·

256 4852 409 4922 pessumire
425 4852 523 4907 :sicuti
535 4867 568 4906 co
581 4862 703 4920 tempore
719 4850 902 4922 lliemnptuus
917 4852 974 4921 ipse
988 4852 1057 4907 allu·
1107 4862 1236 4919 epitritum
1257 4862 1339 4916 torpa
1353 4877 1386 4916 ex
1400 4860 1547 4932 epistolas
1566 4869 1708 4931 repetunt,
1728 4859 1763 4915 le
1782 4861 1830 4914 tarr
1855 4861 1911 4932 (ie.

256 4942 326 5000 dens
341 4944 374 4999 atl
387 4944 461 4999 illum
475 4946 550 5001 Pauli
568 4947 656 5002 lucum
677 4944 711 5000 atl
731 4944 891 5002 Thessalus.
906 4957 933 5002 et
950 4947 1056 5006 ruinam
1108 4953 1176 5026 quit)
1193 4955 1301 5010 teiteeie
1316 4969 1417 5008 rsterrun
1430 4954 1598 5026 pessimorum
1621 4963 1645 5007 et
1659 4954 1753 5008 meris
1763 4952 1909 5022 disciptinas

258 5034 375 5090 Rotnani
389 5036 582 5108 inlpetihqlloe
600 5038 743 5106 apuslasiae
759 5053 871 5108 leglttttli
890 5053 1056 5108 ptaeceASDl'D
1109 5050 1326 5118 deperdiioeffitc.
1345 5049 1443 5105 Verum
1463 5049 1615 5120 simplicem
1639 5048 1782 5105 historiam
1794 5047 1911 5103 aetionis

254 5125 428 5194 credebatur,
449 5128 593 5201 tleplomus
609 5129 635 5183 in
656 5128 769 5197 epistola
788 5130 823 5184 ati
842 5128 1003 5188 Gerttntiuut
1022 5132 1058 5187 de
1109 5142 1266 5197 {inpatiens
1280 5157 1485 5213 persequamur.

257 5219 365 5292 M⁰¹¹⁰D
381 5219 466 5292 iiiiii
481 5238 488 5274 ἒ
507 5221 557 5287 Qtt'
568 5222 687 5289 titubas,
702 5222 735 5276 ὅθ
748 5223 832 5277 ”tedio
843 5223 896 5293 fil:
911 5233 934 5278 et
949 5242 1002 5280 ¹1⁰st
1016 5226 1057 5280 iu-
1145 5235 1212 5290 Cum
1223 5235 1372 5291 Donatistae
1384 5235 1557 5290 clamitarent
1579 5232 1731 5290 Ecclesiam
1744 5231 1910 5288 catholicam

254 5315 393 5388 lolliginum
407 5313 592 5370 Austetrtunm
608 5317 836 5388 appropinquare?
845 5316 898 5374 Set]
912 5318 1057 5374 Donatista
1110 5338 1279 5396 apostatasse
1291 5327 1332 5395 iot
1350 5325 1541 5397 triquetrum)
1555 5334 1639 5396 atque
1652 5324 1785 5395 periisse,
1808 5335 1835 5380 el
1857 5322 1911 5378 hue

255 5415 339 5480 agunt
363 5406 442 5478 paulo
467 5406 618 5463 remissius.
635 5408 730 5479 Neque,
748 5424 814 5467 sane
839 5410 879 5464 sui
903 5411 1058 5468 schismatis
1109 5417 1229 5476 clamare
1251 5418 1362 5474 eludere
1385 5418 1488 5474 uellent
1511 5417 1705 5489 prophetaram
1726 5415 1852 5474 sasemis
1875 5417 1913 5473 Aa

255 5500 460 5556 exeusationem
480 5498 648 5572 probabilem
673 5500 737 5556 iude
758 5509 883 5572 poteraut
911 5511 1054 5572 repetere,
1109 5511 1238 5568 &masin
1259 5510 1365 5581 glorie,
1385 5508 1583 5582 eminutus,
1603 5508 1786 5580 pompegium
1802 5525 1809 5561 :
1828 5522 1909 5579 mg..

254 5608 316 5651 curn
330 5594 438 5667 quidem
449 5594 505 5667 jatu
522 5603 644 5666 tempure
657 5593 844 5664 Constantini,
858 5613 912 5669 quo
925 5605 954 5656 et
966 5595 1055 5670 tupe-
1108 5610 1172 5660 ruut
1183 5600 1317 5661 wsmtet
1329 5600 1358 5664 ia
1368 5598 1532 5669 Collatinus,
1556 5599 1667 5658 otiosas
1678 5595 1812 5669 seriptum
1836 5608 1912 5656 essm
