4142 6175
254 406 305 462 aar
847 378 1006 458 titsit'titts
1029 378 1305 456 nosartsranon.
1871 389 1924 447 aas

253 518 281 576 in
296 518 536 587 snbsetiptionibns
553 516 685 587 alprmtius
696 506 879 583 Trevirensis,
892 496 1054 569 Theodorus
1067 508 1093 571 A
1106 511 1143 563 ito
1157 512 1265 581 respuit,
1279 522 1306 566 nt
1321 510 1395 566 trulla
1409 509 1435 563 in
1450 509 1502 564 t'llt‘r
1524 518 1567 561 ont
1590 506 1691 581 dicendi
1711 504 1792 560 ratio
1820 503 1928 557 suasis-

254 609 447 682 Aquileiensis,
461 602 564 663 Natalis
578 606 722 679 presbyter
735 606 852 661 ciuitatis
867 584 1053 661 Ursolensiunt
1108 612 1181 670 teret,
1210 603 1411 658 autoceesundi
1434 602 1526 656 arodus
1546 599 1684 669 ttlltts,mtt
1706 596 1844 671 probatio
1866 611 1931 650 cort·

254 703 325 758 lnrte
350 684 526 771 iirgeiitanae,
552 697 693 753 Proterias
715 695 866 768 capuensis
891 694 1052 767 episcopus,
1106 698 1211 753 reniret.
1232 697 1365 754 innocens
1392 698 1483 768 itaquo
1508 696 1543 751 ab
1570 710 1666 751 eorum
1678 692 1842 750 mluotttiis
1865 706 1931 761 pro·

254 790 354 849 toetm
370 786 569 863 Lugdunensis,
586 788 674 845 leros
689 774 1055 855 ttennensts‚t>e0natimus
1106 791 1246 845 nttntiatas
1269 802 1311 847 est
1334 790 1513 855 Caecilianus,
1531 789 1582 858 ipsi
1602 802 1677 855 vero,
1689 787 1792 862 judice
1818 782 1883 840 Deo
1908 795 1933 840 et

254 892 302 943 sett
323 883 467 940 Probatins
481 881 625 955 presbyter
644 874 873 947 Tarraconensis,
896 879 1056 935 tlaettianns
1107 889 1187 936 nistre
1201 880 1329 948 Ecclesia,
1343 881 1424 938 verba
1439 891 1501 937 sunt
1515 879 1639 951 epistolar
1653 879 1804 951 synodieae
1829 877 1934 932 eonsci-

254 972 502 1050 Cartltnginettsis,
536 968 682 1031 Faustinus
711 972 853 1047 presbyter
881 973 915 1029 dc
944 962 1057 1030 ciuitate
1108 974 1373 1047 latomorum
1395 985 1419 1031 et
1440 975 1598 1048 cotnproiot,
1626 984 1673 1030 utut
1695 973 1829 1028 damnati
1855 981 1934 1040 suast,

256 1068 468 1135 Arausieorunt,
496 1064 658 1138 surgentius
673 1066 817 1137 episcopus
830 1063 949 1121 civitatis
969 1062 1058 1120 Poeo·
1108 1077 1153 1122 ortt
1165 1070 1262 1142 repulsi
1278 1085 1288 1124 .·
1305 1068 1426 1125 damnati
1453 1070 1556 1126 scilicet
1581 1077 1753 1124 accusatores
1784 1067 1937 1138 praecipat

254 1152 340 1225 leltls,
362 1152 432 1216 solil
445 1156 497 1214 llll
511 1158 641 1215 Billetlsll
661 1158 688 1212 itt
707 1152 1058 1227 dll1022Gl⁸8⁰lifl⁸P⁰l·
1109 1178 1141 1219 ac
1153 1163 1308 1219 schismatis
1320 1174 1456 1229 auctores,
1483 1163 1576 1220 caeteri
1594 1161 1830 1218 acommuniooe
1856 1158 1936 1232 pulsi

256 1240 372 1322 tuettsis,
383 1250 506 1311 lieticius
520 1250 783 1326 Augustodunensis,
807 1250 983 1306 Ambitausus
1009 1264 1058 1306 seu
1108 1253 1239 1311 donecad
1250 1255 1400 1311 Ecclesiam
1413 1253 1576 1311 catholicam
1588 1252 1724 1319 redirent,
1740 1267 1806 1321 qtto
1823 1251 1937 1307 ineasu

256 1342 428 1403 imbetausius
452 1343 607 1409 ilemensis‚
623 1342 779 1400 Termetitts
799 1340 940 1414 presbyter
963 1341 996 1396 de
1018 1342 1058 1397 ei·
1110 1346 1244 1411 indultum
1260 1356 1301 1402 est
1317 1346 1351 1402 iis
1364 1346 1410 1418 qui
1429 1346 1522 1403 clerici
1536 1353 1616 1402 eraut
1644 1344 1716 1401 inter
1739 1343 1937 1411 Donatistae,

260 1439 344 1495 nitate
358 1436 568 1510 Baetigensium,
593 1422 727 1499 Merocles
750 1414 972 1504 Mediolanensis,
992 1432 1060 1491 Par·
1111 1440 1332 1512 utingradttsuo
1346 1449 1504 1507 metuerent,
1525 1450 1554 1497 et
1577 1440 1649 1497 eirca
1668 1422 1827 1511 episcopos
1859 1438 1938 1493 idem

259 1531 310 1588 dut
334 1526 492 1601 titalianus,
508 1527 632 1587 Adelllus
646 1528 681 1586 tle
695 1530 803 1586 calonia
825 1522 1057 1597 humiliantium.
1111 1544 1241 1592 statutum
1252 1534 1324 1607 qnod
1338 1536 1414 1606 prius
1429 1534 1457 1590 io
1468 1533 1583 1590 concilio
1597 1533 1738 1601 Roatano,
1762 1543 1798 1588 nt
1816 1532 1848 1587 in
1863 1517 1938 1587 loeis

261 1618 409 1679 iliberaius
431 1622 501 1679 lorte
526 1620 641 1680 Eborius
662 1610 865 1690 Eboracensis,
893 1621 1060 1677 Fortunatus
1112 1626 1158 1682 ttbi
1174 1642 1243 1681 unus
1256 1635 1315 1683 erat
1329 1633 1433 1680 tattttttn
1458 1623 1604 1695 episcopus
1628 1623 1712 1693 partis
1727 1622 1889 1694 Majorini,
1912 1623 1938 1677 is

260 1715 403 1786 episcopus
430 1713 609 1772 Caesariensis
635 1715 663 1771 in
690 1708 873 1781 Mauritania,
910 1714 1061 1771 Aristasitts
1112 1718 1148 1776 ibi
1164 1726 1347 1792 permaneret.
1364 1715 1806 1784 ilbiteto,unuscommuniottis
1836 1712 1937 1768 Caeci·

261 1816 330 1872 lorte
354 1810 515 1871 Attastosius
534 1808 738 1872 lieoenenlinus
763 1828 810 1870 seu
835 1812 1060 1879 Benemmensis,
1091 1812 1189 1887 ilani,
1203 1810 1420 1881 aterttajortnt
1440 1810 1463 1865 is
1478 1809 1515 1865 ibi
1538 1808 1747 1865 confirmaretur
1770 1809 1828 1881 qui
1852 1808 1937 1879 prior

260 1911 423 1980 Latttpadius
434 1896 584 1976 Utinensis,
599 1908 695 1965 Vitatis
706 1907 835 1964 ilerensis
850 1905 878 1962 in
893 1905 984 1962 Alrica
999 1921 1062 1977 pro·
1075 1868 1099 1954 ii
1114 1902 1185 1960 leret
1199 1902 1350 1965 ordinatus,
1367 1898 1447 1957 alteri
1466 1913 1532 1955 vero
1542 1899 1620 1971 plebs
1638 1898 1691 1955 alia
1706 1898 1835 1971 regenda
1854 1912 1937 1955 eont-

261 2000 410 2064 consnlari.
435 1982 573 2056 Maternus
594 1998 780 2066 Coloniensis,
805 1994 929 2054 Liberius
956 1997 1062 2054 Emeri-
1113 1996 1279 2061 mitteretur,
1295 2004 1342 2049 aut
1355 2002 1463 2050 serrato
1474 1993 1601 2066 Episcopi
1615 1992 1719 2050 bonore
1740 2002 1768 2051 et
1783 1994 1936 2066 dignitate

263 2084 358 2158 tensis,
382 2088 531 2162 Gregorius
546 2088 616 2147 alter
630 2090 707 2161 cujus
732 2098 831 2145 nornen
853 2100 880 2145 et
904 2091 979 2145 locus
1006 2104 1062 2145 non
1113 2087 1141 2143 in
1155 2087 1249 2143 eadent
1266 2087 1385 2143 Ecclesia
1397 2096 1581 2159 permaneret,
1595 2102 1627 2143 ac
1641 2086 1752 2160 Collega
1778 2087 1934 2145 deceden-

263 2192 371 2241 exstant
385 2185 411 2239 in
426 2178 683 2254 subscriptionibus,
695 2181 829 2238 Crescens
844 2180 889 2253 qui
904 2180 975 2236 lorte
990 2179 1062 2235 idem
1115 2188 1141 2234 te
1156 2179 1254 2250 ineius
1269 2179 1355 2235 locum
1370 2179 1539 2237 succederet.
1555 2179 1592 2235 Ea
1614 2177 1649 2236 de
1663 2195 1746 2235 causa
1769 2181 1933 2237 concilium

263 2292 325 2335 cttta
339 2268 455 2331 Clire'sto
469 2272 660 2347 Syracusano,
681 2270 822 2330 Avitianus
835 2258 1061 2343 liotomageusis,
1115 2271 1141 2326 io
1154 2270 1268 2341 epistula
1283 2271 1413 2342 synodica
1424 2270 1457 2327 ad
1470 2270 1642 2343 Syltestrum
1666 2272 1755 2328 innuit
1769 2288 1802 2329 se
1830 2273 1934 2329 mitius

264 2348 1063 2439 balottsi'asionensisorientalisburdegalensis,Quinta·
1117 2376 1179 2419 cnm
1206 2361 1387 2421 schismaticis
1411 2364 1522 2435 egisse,
1550 2364 1590 2419 sie
1613 2362 1647 2420 ad
1678 2379 1742 2421 eum
1768 2365 1931 2423 scribens:

263 2464 319 2518 sius
332 2460 515 2543 calaritanus,
533 2459 626 2515 Victor
637 2458 789 2526 Uticensis,
801 2466 829 2515 et
842 2458 980 2530 Epictetus
992 2458 1064 2514 Cen·
1118 2453 1243 2523 lltittum,
1268 2460 1349 2529 frater
1365 2457 1540 2523 dilectissime,
1569 2457 1604 2511 od
1616 2457 1665 2512 ltoe
1692 2467 1795 2512 tontum
1817 2467 1933 2531 speetu·

265 2542 461 2611 tumeellensis.
476 2549 578 2608 ilerum
593 2551 714 2608 omnium
728 2553 848 2618 nomina,
872 2551 1063 2623 episcoporum
1115 2548 1331 2604 cnlnntintereste
1346 2549 1409 2603 tnnti
1422 2548 1547 2621 fecisset:
1562 2548 1676 2618 melecta
1686 2550 1951 2622 credintuqsrittin·

264 2661 325 2702 csse
346 2643 508 2703 existimans
524 2628 664 2713 ilolesltts,
681 2654 736 2700 tres
750 2636 906 2716 ac,'trigittta
920 2643 1065 2714 episcopos
1115 2658 1159 2697 eoo
1169 2645 1278 2697 saraim
1288 2642 1379 2713 {nisset
1391 2643 1517 2698 sententio
1529 2642 1673 2712 malaleel
1686 2652 1710 2699 te
1720 2643 1823 2715 puriter
1837 2643 1933 2698 neiis·

264 2718 370 2813 synodo
391 2737 544 2795 Arelatensi
567 2726 686 2795 adluisse
712 2737 776 2795 inde
797 2737 916 2810 collegit.
940 2718 977 2793 At
994 2752 1065 2807 ‚cum
1117 2750 1174 2788 cunt
1185 2734 1337 2809 judicante,
1352 2743 1430 2789 cette
1445 2743 1531 2788 noster
1547 2735 1641 2807 otujori
1662 2734 1753 2789 laetitio
1767 2736 1929 2791 exultasset.

206 2888 210 2893 ,
264 2832 337 2888 inter
358 2832 425 2888 istos
444 2824 554 2903 tilginta
574 2840 632 2887 tres
652 2839 771 2902 quatuor
792 2831 966 2903 presbyteros
982 2830 1067 2886 luisse
1154 2825 1270 2882 Cunooes
1293 2826 1397 2881 concilii
1424 2826 1592 2882 bretenaio.
1617 2855 1653 2868 ·-
1679 2826 1797 2884 Peracto
1819 2829 1932 2900 judicio

265 2916 373 2982 constel
386 2940 420 2981 er
435 2906 700 2996 subscriptionibus,
728 2938 826 2995 nempe
848 2922 982 2992 Natalem,
998 2921 1069 2978 eru,
1118 2933 1208 2976 cattsae
1222 2927 1420 2990 propterquam
1432 2919 1577 2975 convocati
1601 2928 1682 2975 erant
1696 2918 1723 2975 in
1740 2920 1840 2978 urbem
1857 2924 1932 2977 Are·

265 3017 392 3083 balium,
427 3014 605 3081 Faustinum,
641 3014 829 3082 Tumidum,
869 3014 969 3070 residui
1004 3021 1068 3070 sunt
1121 3012 1254 3068 latensem
1269 3012 1403 3084 episcopi,
1419 3028 1473 3067 ttott
1497 3011 1555 3067 baec
1570 3021 1673 3068 tantum
1699 3014 1752 3069 sibi
1779 3015 1931 3071 tnetattda

267 3112 387 3185 episcopi
407 3120 511 3191 tantum
533 3091 739 3184 vigintinctem,
756 3111 852 3182 quibus
866 3111 983 3168 addendi
1004 3122 1069 3167 sunt
1120 3105 1384 3163 esseesistimarunt
1405 3106 1439 3161 ad
1460 3119 1520 3178 quae
1550 3107 1657 3162 luerent
1678 3106 1800 3174 inusitati,
1829 3108 1889 3165 sed
1903 3115 1933 3162 et

267 3223 300 3263 ex
324 3187 570 3278 stiluseriptioni'bus
593 3203 705 3263 Oresins
723 3206 915 3274 Massiliensis,
932 3206 1070 3262 Mamerti-
1121 3211 1253 3271 praeterea
1264 3209 1293 3255 ut
1309 3198 1437 3255 Ecclesiis
1450 3200 1506 3255 snis
1519 3199 1705 3267 consulerent,
1716 3201 1790 3270 teges
1814 3199 1848 3256 its
1866 3216 1932 3272 pru-

267 3314 318 3354 nus
340 3285 511 3366 Elusatittm,
538 3297 689 3354 Mastittttns
704 3289 934 3365 Londinensinm‚
951 3296 1069 3354 Eausttts
1083 3283 1106 3348 C
1122 3293 1217 3348 tittciis
1241 3292 1298 3350 sttis
1311 3292 1495 3349 observandas
1510 3292 1591 3350 edere
1605 3294 1794 3350 decreverant.
1811 3293 1931 3351 Conditi

268 3379 482 3456 Tubut·bitantts,
502 3398 530 3444 et
544 3375 662 3445 illatura
676 3390 786 3446 ciuitate
796 3388 1008 3461 Legistolumini
1021 3405 1070 3446 sen
1121 3394 1184 3441 sunt
1197 3385 1287 3457 itaque
1297 3383 1332 3440 ab
1347 3385 1415 3466 ipsis
1428 3399 1547 3440 canones
1559 3385 1652 3457 viginti
1667 3384 1731 3451 duo,
1752 3395 1781 3442 et
1800 3385 1834 3443 ad
1866 3386 1931 3458 Syl.-

269 3481 399 3553 Legensis
415 3482 440 3537 in
457 3475 596 3550 Numidia,
625 3498 740 3554 qnorum
761 3483 871 3539 nentina
888 3485 1070 3554 puraetermissa
1121 3489 1240 3536 vestrum
1258 3494 1353 3550 papam
1367 3479 1530 3546 transmissi,
1545 3489 1575 3533 ut
1589 3494 1637 3548 per
1648 3493 1710 3535 eum
1723 3479 1770 3551 qui
1783 3480 1884 3550 primae
1897 3492 1930 3535 ac

268 3582 334 3630 sunt
357 3573 383 3629 in
409 3574 642 3645 superscriptione
675 3576 800 3642 epistotae
826 3574 974 3646 synodicae.
1005 3575 1071 3633 inde
1121 3571 1267 3644 pra-etpoae
1282 3571 1357 3627 orbis
1378 3570 1509 3627 Ecclesiae
1522 3571 1778 3642 praesume-„eteris
1792 3572 1929 3629 Ecclesiis

269 3661 375 3740 exurgit
391 3682 520 3723 numerus
533 3650 724 3738 episcoporum
749 3667 857 3740 triginta
871 3678 996 3740 quatuor,
1012 3670 1072 3742 otti·
1122 3665 1334 3721 innotescerent.

270 3760 321 3816 bus
357 3745 473 3815 addendi
502 3769 565 3815 sunt
592 3759 746 3830 quindecim
776 3761 947 3833 presbyteri,
976 3760 1071 3831 vipittti
1158 3756 1275 3814 Canones
1290 3758 1400 3814 Consilii
1420 3759 1542 3815 adrasus
1562 3760 1700 3815 traditores
1715 3760 1927 3832 etdeioptinno

270 3833 783 3923 qnintpnelliaeani,sexEsorcistoe,
802 3861 830 3908 et
853 3853 907 3909 duo
928 3852 1070 3920 Lectores,
1122 3850 1420 3908 baereticorum-Ex
1436 3849 1478 3907 itis
1492 3852 1642 3908 canonibus
1663 3852 1718 3908 dno
1731 3863 1795 3909 sunt
1826 3853 1928 3924 praeci-

271 3942 1072 4019 puorumnotainaittsubscriptionibuslegentumllaecdo
1123 3947 1234 4017 pucqui
1249 3946 1282 4001 ad
1306 3955 1467 4016 praesentem
1491 3960 1601 4001 causam
1626 3937 1926 4018 pertractassemus

272 4052 386 4093 numero
397 4025 508 4092 Patrem
520 4037 564 4108 qui
578 4038 694 4094 cotteilio
707 4039 859 4095 Arelatensi
881 4039 1070 4098 interfuerunt.
1124 4042 1228 4107 tertius,
1250 4055 1304 4112 qun
1317 4049 1428 4097 cauetur
1438 4057 1445 4093 ι
1455 4041 1484 4113 8
1496 4050 1523 4094 nt
1535 4041 1585 4111 ¹pati
1602 4043 1744 4112 scripturos
1755 4053 1857 4097 sonetur
1870 4053 1926 4096 tro-

308 4127 420 4185 Consilii
440 4127 553 4184 Pressa.
581 4111 692 4185 Decreta
712 4127 823 4185 Caecilii
858 4131 1075 4190 At·eluteosis.—-
1124 4134 1221 4191 didisse
1234 4133 1420 4198 dicuntur,oel
1441 4149 1502 4188 oasa
1524 4133 1663 4201 deminico,
1686 4134 1725 4189 nel
1749 4135 1852 4190 numitor
1868 4138 1926 4207 frn-

272 4219 382 4278 Praeluit
394 4221 536 4277 consessui
547 4215 666 4277 bissinus
680 4221 859 4292 Arelatensis,
880 4226 957 4296 eujus
973 4240 1072 4284 nomen
1125 4236 1193 4282 trum
1207 4241 1326 4293 suerum,
1340 4225 1372 4280 ub
1384 4224 1475 4280 ordine
1496 4225 1558 4280 cleri
1583 4235 1772 4293 notoncurtttrr
1798 4225 1843 4281 aed
1860 4226 1926 4298 quia

272 4315 391 4388 primum
406 4303 1073 4396 legiturinsuperscriptioneepistolassynodice.
1124 4320 1199 4374 multi
1211 4316 1642 4391 suntpmeontroEeclesiotticum
1661 4320 1777 4392 rapulam
1801 4336 1925 4393 pupnott-

274 4397 450 4463 Adlaerealii
465 4405 697 4480 duojudicesqtti
721 4410 746 4464 in
762 4409 966 4488 priorijudicio
993 4412 1073 4470 seds-
1126 4421 1162 4468 tet
1181 4428 1227 4484 per
1251 4421 1326 4468 testes
1351 4411 1497 4483 redemptus
1525 4422 1654 4483 putotrtss
1675 4412 1711 4467 etl
1735 4415 1926 4469 motionem

273 4509 335 4554 rant
358 4493 497 4555 Maternus
519 4508 548 4582 et
569 4498 714 4572 Apratius.
727 4502 868 4576 Sylvester
891 4507 936 4577 qui
960 4488 1073 4563 Miltiadi
1125 4503 1227 4558 udrttitti
1240 4503 1341 4571 deboc,
1368 4504 1490 4557 statuitur
1502 4511 1531 4557 nt
1550 4503 1798 4572 non-admittuntur,
1826 4504 1878 4558 nisi
1892 4518 1925 4559 ea

274 4580 398 4647 littittano
424 4585 545 4661 pontiltci
568 4603 748 4663 successerat,
775 4609 836 4651 eunt
852 4597 887 4651 ab
904 4597 972 4653 urbe
998 4612 1073 4654 rece·
1126 4599 1190 4653 urtts
1206 4596 1469 4669 publicitdoetterint,
1482 4595 1579 4651 ctirtten
1593 4595 1754 4653 Traditionis
1771 4598 1802 4651 ab
1814 4598 1925 4668 arquos

275 4676 341 4740 dere
354 4683 466 4740 minime
482 4684 625 4755 potuisset,
653 4685 717 4742 illue
732 4685 910 4744 Claudianum
931 4690 1073 4746 et·ilitutn
1088 4657 1248 4743 Ducentem
1264 4689 1345 4761 fuisse
1357 4687 1530 4743 consotiorum.
1546 4686 1646 4743 Eortnn
1658 4705 1717 4745 aero
1735 4689 1779 4760 pui
1800 4687 1925 4744 olretli·

275 4775 568 4848 presbyteroslepatos
589 4777 664 4854 misit
682 4778 727 4848 qui
748 4779 821 4835 vices
845 4794 908 4834 suas
929 4781 1076 4851 implerent
1126 4782 1224 4836 toribtu
1237 4781 1350 4837 ordinati
1364 4780 1692 4852 [unontordt'notioirrito
1714 4799 1766 4837 aon
1789 4798 1845 4837 este
1863 4798 1925 4852 pro·

277 4881 338 4922 curn
354 4867 459 4924 duobus
469 4867 600 4926 diaconis.
617 4869 703 4926 Porro
716 4872 766 4952 etsi
783 4887 817 4930 ex
846 4874 972 4930 omnibus
993 4874 1073 4933 Occi·
1127 4874 1279 4956 nntrtiatnr,
1293 4889 1339 4928 nec
1353 4874 1494 4944 quidquem
1517 4875 1645 4929 ordinatis
1668 4875 1765 4931 oleru.
1791 4874 1857 4944 Quae
1870 4875 1924 4930 duo

276 4957 366 5016 dentis
379 4953 501 5033 partibus
517 4957 551 5020 ad
567 4962 617 5019 boc
632 4963 776 5021 eonetttnm
796 4965 917 5037 episcopi
936 4981 1073 5026 cottttene-
1126 4967 1159 5023 ad
1175 4979 1284 5022 eattsam
1298 4963 1436 5021 Caeciliani
1452 4965 1597 5035 pemittant,
1613 4967 1729 5038 primutn
1744 4967 1806 5036 quia
1829 4966 1924 5022 Tradi-

277 5054 344 5123 rittt,
359 5053 446 5126 major
461 5065 550 5113 tamen
562 5071 657 5113 eorum
673 5072 736 5129 pars
751 5073 784 5114 ex
799 5057 896 5116 Galliis
911 5076 919 5127 ι
935 5067 997 5117 nam
1013 5075 1076 5118 sex·
1127 5057 1208 5113 ttotuts
1221 5058 1323 5114 crimen
1338 5057 1409 5127 qnod
1419 5057 1479 5128 ejus
1490 5057 1640 5115 aduersarii
1664 5057 1762 5126 Felici,
1775 5058 1921 5126 Mensuriu,

277 5146 365 5203 decim
390 5149 510 5219 episcopt
538 5148 671 5206 Gallicam
705 5151 733 5207 ln
756 5151 1001 5225 subscriptionibus
1025 5171 1076 5212 nu.
1128 5148 1242 5220 aliisque
1266 5143 1409 5204 catltoliels
1435 5150 1571 5221 episeopis
1592 5141 1773 5217 intentabant,
1800 5143 1923 5205 exactis

278 5245 428 5294 merantur.
456 5237 618 5322 congregati
645 5235 727 5315 igilur
752 5239 874 5328 epis'eo'pi
911 5245 937 5302 in
964 5245 1076 5305 civitate
1129 5229 1243 5315 publicis
1256 5242 1373 5313 probare
1387 5242 1500 5298 minime
1514 5250 1651 5314 poterant,
1662 5235 1709 5299 sed
1735 5242 1922 5313 tantumvnlgi

277 5329 430 5387 Arelatensi
440 5325 563 5389 kalendis
571 5332 696 5407 Attpusti,
710 5335 856 5395 Volusiano
869 5337 902 5409 lt,
915 5341 1076 5398 ctAnniano
1130 5351 1271 5393 rumorem
1284 5345 1330 5393 aul
1344 5345 1427 5393 testes
1440 5338 1557 5408 pecunia
1570 5346 1714 5408 corruptos
1732 5336 1766 5392 ad
1780 5346 1829 5393 eos
1856 5336 1924 5393 iola·

277 5421 443 5480 Caesareo
458 5425 522 5491 alt,
536 5439 646 5481 causant
665 5425 803 5484 Caeciliani
814 5439 921 5485 russato
932 5431 1076 5487 examina·
1130 5429 1244 5486 mandes
1256 5427 1420 5499 allegabant.
1435 5428 1568 5496 Alterum,
1582 5427 1645 5500 qula
1664 5425 1802 5484 Caeilialti
1816 5428 1924 5485 ardinn-

278 5527 352 5573 runt.
366 5513 490 5574 Proteus
504 5519 646 5587 eritretts,
661 5517 810 5591 praesentes
834 5530 1016 5604 accusatores,
1042 5519 1077 5583 de
1130 5517 1230 5578 tionem
1256 5519 1426 5592 potissimum
1447 5519 1652 5592 itnpugoabat'tt,
1678 5519 1799 5594 eoquod
1824 5533 1923 5580 esseta

279 5603 376 5678 dtllbus
399 5605 458 5664 boc
486 5607 524 5663 alt
546 5605 691 5665 concilium
723 5607 750 5666 in
777 5611 892 5682 epistola
921 5613 1075 5686 Syttodiea:
1130 5613 1221 5672 Felice
1239 5612 1424 5684 Aptunpitano
1442 5612 1667 5669 Traditioaisreo
1691 5613 1923 5687 aliisqttcepiseo·
1993 5647 1995 5654 ·

281 5697 379 5756 Graues
402 5717 433 5756 uc
461 5701 618 5773 perniciosos
640 5703 692 5776 lepl
715 5714 810 5760 nature
840 5717 916 5779 etque
943 5708 1078 5766 traditioni
1132 5708 1173 5779 pis
1186 5706 1375 5763 Traditotibus
1389 5707 1550 5763 orditntttts:
1574 5723 1635 5780 quae
1662 5710 1732 5765 ralia
1746 5709 1845 5767 nullitls
1868 5713 1925 5768 erit

279 5789 412 5858 clironotts
443 5791 536 5850 neatis
563 5795 679 5851 inmittet
701 5795 865 5869 pertulittlnt,
893 5815 957 5872 quot
979 5809 1005 5858 et
1029 5797 1078 5858 bet
1132 5791 1251 5867 roboris,
1267 5803 1357 5886 statim
1373 5803 1454 5874 dtqtle
1468 5799 1618 5861 Traditoris
1631 5803 1767 5861 ordinatio
1782 5785 1923 5862 irrilanon

281 5884 362 5937 rtostri
375 5900 488 5955 pretam
500 5889 643 5946 auctoritas
656 5899 680 5947 et
694 5888 799 5948 traditio
812 5908 843 5950 oc
853 5893 944 5969 reputo
962 5895 1077 5952 tenutis
1131 5900 1199 5949 erat.
1215 5891 1292 5951 Alter
1303 5907 1392 5951 maon
1405 5894 1452 5967 qui
1475 5908 1585 5952 cauum
1600 5895 1730 5954 Alterum
1754 5906 1870 5969 spectat,
1885 5906 1925 5953 est
