4142 6175
284 238 335 295 lbi
985 189 1257 299 t’ttotddouttcuttss
1879 254 1923 312 tot

283 361 388 433 quieuit,
409 367 581 433 antrcceptss
595 359 672 415 estin
686 375 758 432 poce.
773 360 802 415 lu
814 358 980 417 Veronensis
989 359 1084 415 civita·
1097 362 1122 421 li
1136 373 1186 415 uec
1201 359 1356 428 liutherius,
1380 360 1426 433 qui
1440 359 1625 432 sunnonem
1649 363 1705 421 suis
1720 365 1747 422 in
1767 367 1925 437 operibmm

283 454 317 510 tis
331 454 453 520 Statutis,
468 463 495 508 et
510 452 536 506 in
551 452 593 520 iis,
608 467 668 522 qum
681 452 769 509 adbuc
785 453 885 526 rigent,
901 470 961 509 cum
981 454 1010 509 S.
1027 453 1078 508 Zu-
1131 449 1289 508 bonorilicis
1311 452 1419 524 quidem
1440 454 1524 510 titulis
1548 455 1658 527 allegat,
1685 473 1735 513 occ
1760 463 1924 533 manuscripti

281 560 317 602 no
328 561 441 617 magnus
460 546 533 604 urbis
548 546 679 603 Patronus
690 550 854 616 nominatur,
870 546 1007 621 consessor
1020 555 1080 604 tan·
1132 552 1261 600 tractatus
1273 544 1333 624 ejus
1346 545 1527 616 ctrrrtiuentes,
1544 547 1696 620 intorques
1711 551 1852 609 ltemerrsis
1863 556 1924 611 aurti-

280 647 335 694 tum
350 638 891 711 dicitur,idipsumqucacciditiucaeteris
905 641 1079 697 ciuitatisde·
1129 638 1275 711 quissimus
1290 638 1352 695 bnic
1367 640 1417 709 ipsi
1430 640 1559 697 Ecclesia>
1569 641 1640 699 inter
1652 658 1728 700 sacra
1741 645 1832 702 otdcia
1847 647 1924 703 inser·

192 806 195 813 ,
277 730 632 802 cretisqnaeproejdscutm
647 732 700 788 lata
711 733 865 789 luerunt.ln
879 733 1005 789 omnibus
1018 731 1079 787 lita·
1129 733 1205 800 tivit,
1222 731 1438 790 oecCaleudnrin
1452 736 1619 804 sirenostra,
1636 738 1693 795 sive
1703 739 1803 808 aliena,
1817 756 1923 813 quornm

277 821 330 880 ¹¹5⁸
339 832 504 890 luninostrar
515 834 571 882 tout
582 825 696 881 aliarum
708 827 974 900 Ecclesiarum,quas
986 842 1047 899 cap.
1061 828 1079 883 l
1129 825 1207 896 plura
1218 826 1445 899 riditindicatque
1459 828 1491 885 Ρ.
1504 829 1691 888 liensebenius
1701 847 1761 903 cup.
1778 835 1805 900 l,
1815 851 1886 890 num.
1899 835 1924 900 i,

279 919 932 998 [cxsutru]irrdicabimns,illeinterconlessurcs
947 934 1077 980 constan·
1130 934 1190 991 pag.
1208 920 1253 987 id,
1269 916 1412 993 rnortqrenr'
1423 921 1500 978 illum
1513 934 1620 993 nocant,
1640 926 1687 982 sed
1704 926 1764 982 solo
1778 932 1925 1000 confessoris

276 1013 1078 1088 terrccensetur,etinillisquuqnelitaniisadbucpostbip-
1129 1009 1211 1065 titulo
1232 1011 1391 1083 insigniunt.

276 1122 423 1180 pomanum
438 1110 466 1164 iu
480 1108 716 1166 commendatione
730 1106 828 1163 animm
838 1107 1077 1164 recitarisolitisitt
1164 1101 1277 1160 Videtur
1290 1106 1371 1161 etium
1385 1104 1507 1174 dilflcile,
1521 1105 1551 1164 8.
1567 1107 1714 1177 Zenonem,
1729 1110 1775 1182 qni
1788 1109 1923 1182 Gratiano,

276 1202 397 1260 Ecclesia
424 1203 585 1272 Veronensi,
605 1217 664 1273 tyuae
680 1201 812 1258 aloannc
825 1198 1078 1256 llatrhaeoGiberto
1129 1191 1320 1252 Valentiniano
1341 1196 1465 1267 iuniore,
1489 1208 1516 1253 ct
1538 1198 1694 1256 ‘lbeodosio
1709 1202 1923 1272 irrrperatttibusc

274 1298 395 1356 atutbbb
410 1300 524 1369 primunr
538 1297 709 1369 impressaeiu
718 1294 782 1350 libro
791 1293 1032 1350 catechumenorum
1043 1293 1078 1348 orl
1128 1286 1197 1343 titis
1211 1289 1339 1356 excessit,
1357 1292 1592 1361 persecutionibus
1614 1294 1670 1364 jam
1691 1299 1848 1369 consopitis,
1870 1315 1925 1370 pas·

274 1407 350 1446 usrnu
360 1389 482 1445 Ecclerisc
492 1388 647 1445 cotltsdroiis
657 1387 777 1455 Vernae,
786 1402 859 1443 anuo
868 1384 983 1443 subinde
995 1385 1074 1454 ibib,
1128 1393 1187 1434 sum
1201 1378 1283 1437 inisse
1296 1385 1455 1456 martyrium
1468 1385 1590 1457 :quodsi
1605 1403 1620 1442 a
1634 1388 1749 1460 Paganis
1763 1391 1923 1449 tumultuan-

272 1483 423 1556 dugustioo
433 1479 542 1538 Valerio
556 1481 684 1552 episcopo
699 1479 810 1536 nibilum
825 1481 983 1534 immutante
998 1493 1078 1535 rccu-
1129 1473 1199 1528 tibus
1213 1474 1251 1530 illi
1267 1475 1432 1544 obvenisset,
1447 1489 1476 1534 ut
1491 1482 1698 1537 bnauoeusibus
1713 1485 1875 1552 martyribus
1894 1501 1925 1543 sc

233 1610 238 1618 ·
271 1589 310 1630 sse
323 1572 431 1632 luerunt
446 1593 453 1630 r
468 1589 549 1645 quam
569 1573 677 1645 quidem
702 1571 879 1628 mutationem
898 1571 986 1627 solum
1004 1584 1077 1627 aurio
1127 1566 1157 1622 S.
1173 1565 1271 1635 vigilio
1284 1566 1442 1626 Tridentino
1456 1571 1584 1644 episeopo
1599 1573 1708 1650 accidit,
1721 1574 1749 1631 id
1766 1576 1863 1633 tactum
1875 1594 1923 1635 nou

272 1667 360 1737 totto,
388 1667 439 1724 suo
467 1667 579 1724 biberto
608 1663 714 1721 llalcrio
726 1663 824 1720 laetam
847 1662 963 1735 legimus
985 1664 1012 1718 in
1028 1662 1076 1719 itt·
1127 1657 1217 1714 miuus
1231 1660 1328 1716 luisset
1342 1663 1460 1730 cclcbre,
1474 1679 1553 1735 qnam
1567 1664 1593 1719 iu
1606 1665 1773 1724 'tridentinis
1788 1669 1841 1725 illis
1854 1687 1922 1726 mar·

271 1759 336 1817 tuali
359 1758 524 1816 Veronensis
542 1759 681 1826 ecclesio,
703 1756 733 1812 S.
765 1755 876 1811 Zenone
909 1770 924 1809 a
962 1744 1231 1825 confes-Btyribus
1256 1757 1377 1825 exstitit,
1402 1757 1515 1831 ejusque
1539 1760 1640 1816 mentio
1664 1760 1766 1833 aliqua,
1788 1763 1822 1818 ad
1844 1779 1923 1836 geppe

267 1852 376 1909 susibus
398 1853 432 1909 ad
458 1863 592 1924 martyres
622 1853 648 1907 in
677 1849 772 1907 iisdem
806 1848 907 1904 litaniis
949 1848 1075 1904 traducto
1128 1848 1223 1903 mortis
1237 1849 1307 1917 quod
1324 1849 1450 1920 pertinet,
1473 1852 1623 1922 posteritati
1643 1856 1800 1912 transmissa
1824 1855 1922 1916 luisset.

267 1960 330 2018 pag.
344 1944 389 2010 86,
406 1954 434 2002 st
448 1945 546 2001 iterum
560 1945 588 2000 in
601 1942 662 1999 aliis
678 1953 738 2013 post
755 1942 879 1999 Psaltnos
900 1942 1074 2012 poerritentia·
1126 1936 1271 1995 Probabile
1286 1940 1393 2012 quidem
1417 1952 1459 1998 est
1474 1943 1561 2011 illum,
1585 1954 1613 1999 ut
1628 1943 1762 2002 Veronam
1789 1947 1823 2003 ad
1848 1948 1922 2006 iidem

267 2038 319 2106 les,
331 2055 392 2113 pag.
405 2039 470 2098 8119.
484 2038 605 2109 Quatuor
616 2049 746 2109 praetcrca
757 2037 993 2094 sacramentorum
1009 2036 1071 2093 libri
1125 2031 1295 2101 perduceret,
1309 2033 1371 2089 duur
1385 2048 1448 2091 sese
1462 2035 1628 2107 Pagonorum
1642 2038 1839 2114 superstitioni⁸
1848 2041 1922 2099 lorti·

266 2133 432 2191 Veronensis
445 2132 586 2197 Ecclesiae,
610 2132 737 2188 nimirum
753 2143 809 2187 tres
827 2128 1019 2201 Capitularcs,
1044 2136 1072 2186 et
1124 2135 1166 2184 ter
1184 2143 1336 2199 opponens,
1352 2128 1424 2186 idola
1439 2130 1604 2189 destruenda
1618 2132 1733 2205 iustaque
1746 2135 1922 2196 subvertenda

266 2226 473 2283 unusSodaiitii
492 2225 522 2283 S.
537 2224 628 2281 diarias
647 2223 682 2280 de
696 2222 792 2288 borno,
814 2220 964 2278 tricamus
979 2220 1070 2277 ntissae
1122 2221 1236 2289 curavit,
1255 2221 1291 2278 ab
1304 2221 1420 2279 ethnicis
1443 2225 1593 2294 prasertim
1615 2225 1723 2281 rusticis
1737 2227 1822 2283 inulta
1843 2227 1922 2287 luisse

263 2321 293 2380 8.
309 2322 446 2378 Zenonem
470 2321 541 2377 inter
555 2318 725 2376 consessores
748 2315 882 2383 referunt,
909 2325 937 2373 et
960 2326 1015 2371 tres
1035 2330 1068 2370 ex
1122 2326 1292 2382 perpessum,
1309 2315 1350 2370 tel
1370 2316 1451 2372 otiam
1466 2316 1501 2371 ab
1516 2317 1633 2385 brionis,
1649 2317 1714 2373 dum
1738 2333 1832 2376 corum
1853 2331 1922 2377 artes

264 2416 317 2483 bis,
332 2417 458 2472 nimirum
471 2414 649 2488 Capitulares,
665 2411 703 2468 ita
720 2410 750 2468 8.
766 2409 904 2466 Zenonem
926 2407 1067 2465 conlcsso·
1120 2404 1262 2479 detegere,
1285 2408 1455 2483 impetusque
1478 2414 1642 2481 reprimere,
1658 2428 1808 2488 eorumque
1820 2424 1920 2486 pestem

261 2510 338 2569 ribus
361 2510 474 2576 addunt,
500 2517 529 2565 ut
551 2505 600 2564 SS.
626 2504 747 2564 Firmum
775 2513 804 2560 et
828 2503 969 2558 Rusticum
997 2502 1068 2558 inter
1119 2511 1195 2553 asua
1211 2498 1321 2557 dioecesi
1336 2517 1430 2560 :incure
1443 2504 1548 2561 nauiter
1568 2504 1717 2566 laborauit.
1734 2515 1763 2561 ut
1776 2507 1805 2564 S.
1820 2507 1921 2563 Pbilas·

259 2614 393 2676 martyres
407 2602 522 2659 recitent
535 2601 596 2658 sic:
622 2596 894 2654 deuteronomius...
911 2592 1064 2662 Laurentii,
1119 2589 1171 2648 trio
1184 2590 1313 2665 episcopo
1325 2592 1454 2651 Brixiauo
1477 2596 1601 2652 evenisse
1615 2581 1644 2653 8.
1668 2596 1835 2656 Gaudentius
1849 2615 1918 2656 corn·

259 2695 346 2752 Firmi
359 2706 384 2751 ct
396 2694 513 2758 Rustici,
528 2689 686 2764 ersoqoni,
698 2688 809 2745 loannis
821 2695 845 2741 et
859 2684 950 2754 Pauli,
965 2683 1065 2741 Cosmoe
1117 2692 1263 2738 memorat.
1288 2686 1325 2738 dt
1339 2685 1408 2741 sicut
1426 2687 1455 2742 8.
1474 2687 1633 2745 Pbilastritts
1653 2705 1799 2761 numquam
1822 2691 1920 2750 idcirco

257 2787 419 2856 constant,
430 2782 662 2850 Hilariillortini,
674 2777 952 2855 dispostinissreqorii,
965 2777 1062 2832 lliero·
1116 2781 1219 2845 martyr
1231 2786 1273 2830 est
1292 2777 1421 2845 babitus,
1437 2778 1473 2834 ita
1489 2794 1539 2835 uec
1564 2780 1593 2840 8.
1609 2780 1698 2851 Zeno;
1716 2783 1788 2840 umle
1802 2783 1837 2840 ab
1855 2786 1919 2842 Am.

257 2880 337 2952 uperi,
347 2893 421 2950 utque
433 2876 575 2939 Benedicti,
585 2872 693 2929 Proculi
703 2881 726 2927 ct
736 2870 859 2939 Zenonis,
872 2879 927 2926 ete.
941 2869 1060 2939 Nullum,
1114 2862 1207 2920 brosin
1222 2877 1327 2940 martyr
1340 2871 1429 2926 dictus
1441 2887 1494 2926 nott
1506 2872 1565 2928 init.
1582 2872 1675 2945 Neque
1691 2874 1782 2946 Corpsi
1798 2890 1920 2946 oppone,

256 2984 285 3029 ut
296 2971 442 3040 credimus,
454 2971 609 3040 exemplum
620 2965 728 3023 adlcrre
738 2967 871 3037 quispiam
884 2964 993 3036 poterit,
1006 2978 1061 3037 quo
1114 2965 1158 3013 tur
1178 2962 1326 3016 auctoritas
1339 3003 1347 3030 ,
1361 2964 1407 3033 qui
1427 2965 1551 3021 equidem
1578 2965 1751 3023 Pbilastrium
1771 2978 1917 3041 martyr-em

255 3063 557 3138 aliquismartyrsiuein
567 3059 666 3118 litaniis
679 3059 737 3115 site
751 3058 777 3113 in
789 3056 899 3115 Canone
912 3056 1003 3114 misse
1018 3057 1059 3113 iu·
1113 3050 1217 3122 prome
1244 3052 1266 3109 is
1286 3054 1370 3123 cuim,
1385 3063 1414 3111 ut
1434 3056 1551 3114 uidimus
1565 3058 1646 3131 paulo
1660 3067 1734 3129 ante,
1760 3061 1919 3119 manifestus

255 3167 297 3214 ter
308 3155 479 3213 cutriessores
490 3151 760 3224 prsitusostendutur
772 3168 779 3205 ε
791 3150 853 3205 etsi
867 3150 896 3206 S.
908 3148 982 3206 beno
995 3165 1061 3206 nos·
1074 3121 1098 3186 C
1113 3154 1257 3212 cst‘error,
1274 3147 1401 3218 quemad
1417 3147 1554 3206 Plrilastrii
1572 3153 1730 3225 rnartyrium
1746 3156 1917 3211 statuendum

255 3260 296 3306 tor
308 3265 372 3307 rere
397 3248 492 3305 luisset
518 3255 631 3318 martyr,
659 3245 728 3301 sicut
751 3244 866 3301 Sanctus
887 3240 1013 3299 Firmum'
1031 3252 1060 3299 et
1112 3238 1263 3296 transferre
1277 3256 1332 3296 nort
1357 3241 1430 3308 licet,
1456 3252 1485 3297 et
1507 3243 1592 3300 molto
1606 3245 1695 3300 minus
1709 3246 1742 3301 ad
1758 3250 1915 3319 martyrium

254 3342 393 3399 Rusticum
408 3341 478 3396 inter
490 3350 625 3410 martyres
638 3338 760 3392 inserere
771 3352 824 3392 nnn
839 3336 1006 3401 dubitarunt,
1021 3334 1058 3391 ita
1111 3328 1141 3387 8.
1162 3330 1290 3401 Zenonis,
1305 3332 1427 3408 [cxxxix]
1449 3336 1494 3405 qui
1509 3336 1604 3393 eodem
1617 3339 1643 3392 in
1655 3337 1758 3410 Car-pso
1777 3342 1917 3397 contemp

254 3434 284 3493 S.
299 3435 436 3491 Zenonem
457 3448 584 3504 magnum
601 3430 748 3487 Patrouum
767 3430 838 3487 inter
851 3429 960 3486 eosdem
973 3429 1058 3485 multo
1110 3423 1280 3481 solummodo
1292 3425 1417 3483 traditur.
1434 3426 1486 3483 Sed
1502 3440 1530 3484 ut
1541 3428 1603 3485 iistis
1613 3431 1710 3502 uliquis
1725 3431 1917 3504 bnicdisputa·

253 3529 340 3601 magis
355 3525 551 3584 recensendum
569 3523 745 3596 jndtcassent.
771 3521 858 3579 Simili
877 3522 986 3594 quidem
1010 3537 1056 3578 ra·
1110 3516 1174 3572 tioni
1190 3519 1915 3599 imponatur,lnecsuutargnnrenta,quseutrioqucsd

252 3623 326 3681 tione
339 3622 366 3678 in
379 3618 525 3691 suliragiis,
539 3633 599 3691 quse
612 3617 654 3672 rel
665 3617 730 3672 olim
746 3615 797 3672 bac
810 3619 837 3670 tn
851 3614 971 3671 Ecclesia
985 3615 1056 3671 inter
1108 3608 1173 3666 lerri
1187 3621 1300 3683 queunt,
1313 3613 1450 3685 interque
1462 3616 1718 3687 nostrunrjudioium
1732 3636 1766 3675 oe
1774 3621 1911 3693 exquiras,

252 3714 339 3772 ollici'a
353 3713 547 3779 recitabantur,
568 3710 621 3767 etsi
634 3708 770 3766 'lebaldus
789 3724 835 3765 au.
851 3710 938 3777 1305,
955 3710 981 3765 in
995 3709 1053 3781 ipsa
1108 3704 1208 3771 lecton
1228 3705 1306 3761 nobis
1322 3707 1394 3762 enim
1415 3705 1466 3763 bac
1481 3707 1508 3762 in
1532 3709 1718 3766 eorrnorersia
1736 3711 1801 3767 illud
1828 3727 1912 3768 unum

250 3807 443 3864 constitutione
452 3806 488 3862 ab
499 3805 628 3878 episcopo
645 3802 725 3858 Petro
740 3802 878 3874 scaligero
891 3801 987 3859 eodem
1003 3818 1054 3858 sre-
1104 3791 1160 3862 janr
1173 3795 1208 3849 ab
1222 3795 1297 3851 initio
1311 3799 1511 3867 proposuimus,
1525 3799 1615 3855 omnin
1631 3817 1714 3873 ,quse
1727 3803 1914 3875 murramque

250 3902 312 3959 culo
328 3901 497 3966 contimtum,
513 3914 566 3970 qua
587 3896 682 3953 eadem
705 3894 831 3967 sudragia
852 3894 960 3964 indicit,
975 3893 1010 3952 dc
1022 3893 1051 3952 S.
1106 3894 1209 3959 partem
1225 3899 1384 3961 suppetunt,
1397 3891 1526 3964 colligere
1539 3905 1565 3948 ct
1581 3894 1728 3966 explicare,
1752 3913 1806 3953 nou
1819 3908 1911 3954 autent

249 3993 360 4052 Zsmrnc
372 3995 452 4051 Patre
471 4001 499 4048 et
508 3991 626 4047 Patrono
640 3989 720 4059 liujus
731 3987 856 4044 Ciuitatis
870 3987 984 4058 primum
1000 3986 1052 4042 bo·
1105 3981 1272 4038 sententiam
1295 3983 1410 4040 dicere:
1436 3999 1468 4041 ac
1494 3987 1609 4057 proinde
1633 3988 1722 4047 Putris
1745 3968 1913 4052 ilenscbeuii

222 4085 511 4142 ·uoriticentissimam
539 4081 703 4139 mentionem
731 4078 821 4145 iaciat,
846 4087 902 4135 tuor
917 4093 982 4135 uero
998 4078 1049 4137 88.
1104 4074 1383 4143 prudensconsilium
1398 4078 1495 4144 secuti,
1522 4080 1564 4135 bis
1578 4079 1637 4152 ejus
1656 4083 1746 4139 verbis
1768 4085 1909 4143 concludi·

246 4191 396 4253 martyrum
409 4176 517 4250 Georgii
528 4186 555 4232 et
566 4174 649 4231 Firmi
662 4187 695 4229 uc
707 4172 828 4228 Rustici:
844 4179 935 4227 tumen
948 4169 1049 4227 sullra-
1103 4184 1173 4235 mus,
1189 4185 1249 4241 quar
1261 4170 1309 4227 ille
1322 4172 1469 4243 propositis
1481 4173 1583 4246 aliquot
1600 4176 1727 4248 utrinque
1741 4181 1911 4251 argumentis

215 4258 225 4271 ⁸
246 4274 352 4350 giorum
376 4272 500 4329 ordinem
525 4268 681 4342 adsignans,
709 4264 760 4322 88.
785 4273 935 4337 martyrum
962 4264 1049 4335 primo
1100 4261 1198 4331 scripta
1211 4261 1317 4332 reliquit
1329 4264 1381 4320 strb
1396 4264 1477 4323 tinem
1493 4283 1554 4339 cap.
1565 4268 1594 4337 2,
1608 4285 1668 4342 pag.
1684 4272 1736 4329 te:
1751 4270 1808 4327 Nos
1820 4276 1912 4330 onrrria

245 4368 318 4437 loco,
332 4367 395 4425 dein
417 4365 448 4423 S.
470 4363 586 4420 Zentrnis
610 4359 897 4417 commemorationem
917 4356 1047 4429 agendam
1095 4354 1196 4425 iudicio
1211 4356 1377 4429 prudentium
1387 4360 1499 4415 uirorum
1515 4363 1697 4432 permittimus.
1713 4365 1805 4423 Solum
1819 4367 1909 4424 bisto-

246 4463 377 4526 insinuat,
389 4459 461 4532 quod
468 4474 535 4516 saue
549 4458 649 4514 lactum
661 4469 714 4510 nou
727 4451 835 4520 luisset,
847 4451 899 4508 nisi
912 4450 983 4524 quod
996 4451 1047 4507 bac
1098 4450 1163 4505 ricae
1181 4450 1284 4507 notitior
1308 4466 1389 4509 causa
1402 4453 1533 4511 addemus
1547 4456 1721 4517 Franciscom
1742 4459 1855 4517 diarium
1871 4464 1908 4519 de

244 4560 272 4617 io
287 4556 404 4615 Ecclesia
417 4554 558 4614 coulcssor
579 4553 724 4609 baberetur
745 4550 775 4607 8.
800 4548 885 4615 Zeno,
906 4563 960 4603 non
972 4562 1045 4604 mar·
1059 4521 1087 4582 Ῐ)
1099 4542 1173 4608 aste,
1197 4543 1432 4616 archiepiscopum
1447 4546 1659 4619 ttydmndnum,
1675 4554 1722 4625 qui
1742 4552 1907 4612 luculentis·

245 4646 597 4724 tyrzcommcmorstiones
617 4651 709 4699 autem
732 4654 892 4714 martyrum,
907 4639 1047 4696 contesso-
1097 4635 1180 4693 simas
1204 4637 1416 4710 disceptationes
1448 4641 1475 4697 io
1503 4642 1724 4718 blartyroiogium
1749 4647 1907 4707 Romanum

242 4757 304 4799 rum
326 4720 628 4798 commemorationibus
650 4748 759 4804 semper
778 4741 911 4804 praeeunt.
929 4730 996 4787 ilinc
1017 4731 1044 4785 in
1096 4727 1244 4786 Beneventi
1256 4729 1341 4786 edidit
1362 4747 1407 4786 ao.
1430 4732 1517 4802 tttt,
1534 4736 1585 4792 sub
1606 4738 1735 4808 auspiciis
1748 4737 1907 4798 Cardinatts

229 4837 503 4908 'uetustioriquoque
526 4831 621 4889 codiee
644 4826 794 4898 Capituinri
816 4824 908 4881 seculi
933 4824 1044 4881 circiter

241 4945 306 4998 xm,
319 4930 345 4986 in
358 4926 578 5001 qnoorationes,
602 4922 750 4986 lectiones,
775 4928 803 4974 et
824 4915 980 4987 antipbonae
994 4932 1044 4987 per

239 5037 340 5080 anuum
351 5029 379 5077 et
390 5018 505 5091 proprias
518 5025 545 5073 et
556 5028 714 5073 communes
727 5013 887 5069 Sanctorum
898 5011 1043 5067 continen-

240 5116 296 5183 tur,
310 5113 367 5170 buc
377 5110 503 5183 suffragia
514 5108 610 5167 eodem
625 5106 720 5163 ordine
731 5105 885 5177 pruscrtpta
899 5104 1040 5176 reperiun-

239 5218 285 5267 tur
296 5209 322 5264 iu
333 5206 472 5264 motutinls
491 5201 674 5273 etresperis:
695 5209 724 5255 ut
746 5201 862 5270 primunt
882 5197 917 5254 dn
929 5195 1038 5263 Cruce,

239 5308 297 5359 tum
310 5300 345 5357 de
359 5313 436 5371 pace,
448 5296 511 5354 dein
526 5296 560 5352 de
570 5294 600 5352 8.
613 5292 696 5349 llaria
707 5290 797 5364 (cuijus
817 5289 937 5361 quotidie
953 5301 1042 5345 muta·

1097 4820 1197 4888 Ursini,
1211 4822 1256 4893 qni
1269 4832 1362 4890 postea
1378 4824 1427 4880 luit
1443 4824 1607 4884 Benedictus
1620 4828 1688 4898 ΧΙΙΙ,
1710 4829 1762 4888 boc
1778 4832 1906 4904 inopere

1096 4912 1207 4969 laudato
1220 4913 1329 4971 disertis
1349 4917 1447 4974 litteris
1462 4916 1613 4978 Clementis
1627 4921 1663 4980 ill
1679 4934 1735 4980 turn
1748 4930 1905 4996 regnantis,

1095 5006 1260 5064 lieuscbenii
1273 5012 1449 5085 argumentis
1460 5022 1563 5069 motum
1576 5056 1584 5083 ,
1606 5016 1726 5074 noluisse
1739 5028 1906 5078 controver-

1094 5099 1163 5155 siam
1178 5098 1315 5165 decidere,
1328 5110 1357 5159 et
1371 5104 1422 5159 boc
1434 5104 1544 5162 irrterirn
1560 5107 1644 5164 tutius
1655 5113 1823 5181 suggessisse
1831 5127 1906 5170 con-

1093 5190 1197 5258 silium,
1212 5202 1240 5246 ut
1261 5195 1287 5248 in
1300 5193 1396 5251 eodem
1411 5195 1602 5269 liartyrologio
1622 5200 1657 5254 ud
1673 5201 1756 5256 iustos
1776 5201 1903 5270 Moloni,

1093 5285 1190 5357 inquit,
1205 5287 1349 5342 mundetur
1364 5304 1375 5343 .·
1392 5286 1498 5346 Veroou
1511 5288 1543 5347 8.
1565 5290 1677 5350 Zenonis
1698 5297 1825 5368 episcopi,
1852 5302 1904 5369 qui

237 5395 318 5454 Mur
334 5390 501 5464 Antiphon„
516 5386 656 5462 ΜΝ..
669 5385 699 5443 g,
714 5383 842 5457 Georgo,
855 5382 890 5440 qe
906 5381 955 5439 ss,
970 5382 1038 5439 ller-
1089 5376 1157 5431 inter
1175 5377 1304 5449 procellos
1318 5381 1501 5449 persecutionis
1520 5398 1577 5437 cum
1601 5383 1743 5442 Ecclesium
1761 5390 1844 5455 rosit,
1871 5401 1903 5445 et

237 5501 348 5560 magora
362 5495 390 5543 st
401 5484 561 5548 Fortunato,
574 5480 667 5538 Firmo
680 5488 708 5536 et
729 5477 851 5543 Rustico,
876 5476 992 5537 subinde
1004 5476 1039 5533 de

237 5581 267 5639 8.
281 5580 401 5650 zenone,
417 5587 446 5636 et
459 5575 568 5633 tandem
579 5574 613 5629 de
626 5572 752 5629 omnibus
766 5569 893 5636 Sanctis;
907 5576 935 5624 et
955 5568 982 5623 iu
998 5567 1040 5640 ip·

237 5671 550 5749 umbrosumque,
565 5685 625 5743 qun
637 5683 670 5724 ex
682 5666 778 5723 eodem
791 5662 886 5720 codice
899 5659 1036 5730 dabimus,

237 5768 268 5826 S.
278 5769 351 5829 'duno
374 5766 434 5828 solu
450 5763 610 5837 confessoris
624 5759 733 5825 nominc
751 5755 860 5831 gaudet.
875 5753 951 5813 node
964 5752 1037 5826 quod

1091 5469 1174 5525 multu
1195 5488 1286 5542 possus
1307 5472 1386 5527 uitam
1406 5472 1509 5541 linitum
1530 5476 1627 5547 quibus
1649 5478 1741 5539 verbis
1755 5491 1901 5539 etsoceur

1090 5565 1194 5637 passio,
1215 5575 1244 5623 et
1254 5568 1303 5622 bas
1317 5564 1429 5623 Gallieni
1438 5576 1553 5637 teurporc
1565 5572 1689 5644 murtprlo
1703 5582 1843 5630 coronatus
1856 5587 1901 5631 cst

1089 5658 1126 5714 its
1136 5656 1325 5714 subducendas
1338 5659 1451 5729 putauit,
1466 5663 1587 5718 utnsuitu
1600 5673 1688 5722 tamen
1700 5665 1815 5724 Sanctus
1827 5684 1901 5724 nos-

1089 5759 1131 5812 ter
1143 5767 1234 5824 possus
1247 5765 1300 5809 nou
1314 5760 1435 5825 negetur.
1451 5751 1506 5812 Sed
1520 5753 1579 5815 brec
1588 5772 1695 5832 quoquc
1713 5773 1774 5816 cum
1791 5760 1899 5822 eodem
