4142 6175
141 278 193 335 941
676 281 790 340 PRAEF.
811 283 846 342 ΙΝ
865 283 956 343 ΕὓΙΤ.
978 286 1106 346 1811οΝ.
1126 289 1209 347 suut
1230 292 1311 352 issu.
1743 302 1797 359 ets

141 394 363 463 &ambrosium
380 407 444 454 nota
464 398 647 470 corruptionis
669 399 834 456 inureretur.
858 401 1094 465 Acce-Aritania
1119 407 1251 486 coronati.
1286 408 1332 466 iiis
1355 410 1480 482 proiecto
1505 421 1534 469 et
1557 411 1711 485 irujusmodi
1737 415 1800 474 aliis

141 486 180 543 dit
191 498 325 558 preterea
338 488 471 568 Ecclesia
486 487 653 547 Veronensis
668 500 798 563 perpetua
813 491 944 561 traditio,
996 494 1202 566 quamplurimis
1224 497 1428 570 antiquissimus
1443 501 1540 559 borum
1559 518 1717 562 sermonum
1732 520 1799 563 auc·

141 596 222 652 quam
235 583 317 638 cerus
329 582 479 639 rationibus
495 585 599 639 ilrmam
615 600 649 641 ex
662 583 803 641 Cauonum
820 587 946 658 praeaori·
998 594 1041 643 tor
1054 586 1268 646 demonstratur.
1292 591 1370 662 Qttod
1397 601 1488 650 autem
1501 603 1576 660 tres,
1603 597 1662 653 sire
1682 610 1799 669 quatuor

143 686 189 747 pto
202 676 272 732 tueri
283 676 426 745 debemus,
438 693 497 748 quae
508 688 606 748 praeter
620 678 758 735 Zenonem
773 679 944 749 episcopum,
996 695 1139 738 sermones
1158 683 1185 737 iu
1198 682 1242 739 bis
1265 687 1447 756 reperiantur,
1460 702 1533 758 quos
1545 689 1574 745 S.
1590 689 1691 746 Zenoni
1716 691 1799 762 aliqui

143 775 171 823 et
186 779 334 840 martyrem
350 768 413 839 (qua
429 768 463 825 de
478 784 508 824 re
529 769 555 824 iu
580 769 674 825 libello
688 769 722 826 do
741 769 847 828 Sotacus
862 770 946 827 licro-
997 782 1093 844 putant
1104 775 1221 834 adscribi
1235 793 1289 833 nou
1305 793 1396 848 posse,
1411 794 1508 853 nempe
1520 782 1566 852 qui
1580 782 1749 853 inscribitur,
1766 786 1799 840 ιιι

144 862 275 916 nensibus
296 860 433 932 episcopis
455 861 567 918 uberius
591 870 736 919 tractatum
760 862 819 935 est)
841 864 945 920 nulium
997 857 1133 938 Praecepto
1145 871 1247 924 attende
1260 871 1305 925 tibi
1325 872 1447 928 :Sermo
1461 871 1644 945 deidoonqeiio
1658 877 1799 931 suendum

144 951 225 1006 aliurn
247 950 385 1009 Zenonem
409 956 520 1024 agnovit
540 954 718 1027 episcopum:
735 971 816 1026 qnam
837 956 946 1026 quidem
996 957 1095 1015 Lucam
1105 962 1137 1016 de
1148 963 1245 1033 duplici
1259 965 1429 1019 tentationum
1443 966 1529 1037 speeie
1541 981 1550 1020 :
1563 966 1659 1022 Sermo
1678 967 1799 1024 debito·
1895 965 1899 970 '

143 1043 318 1100 inditionem
331 1048 535 1103 testaturetiam
546 1047 735 1120 epi-coporeum
751 1049 947 1106 Veronensinm
996 1068 1035 1116 re,
1051 1063 1074 1106 et
1089 1052 1210 1108 lusidio:
1226 1054 1260 1110 Et
1273 1070 1365 1110 sermo
1378 1056 1410 1111 de
1424 1055 1548 1128 Jey'nnio:
1563 1058 1608 1128 qui
1624 1058 1696 1115 inter
1707 1057 1738 1115 S.
1748 1059 1800 1116 Bs-

142 1137 229 1192 series
242 1137 270 1193 in
282 1137 345 1193 aula
356 1137 508 1211 episcopali
521 1139 639 1211 depicm,
654 1142 680 1196 in
692 1158 744 1213 qua
758 1157 827 1198 nnus
843 1151 946 1199 tautum
997 1144 1050 1199 silii
1063 1145 1188 1200 immitius
1201 1145 1296 1204 Grece
1309 1148 1403 1218 scripti
1413 1152 1603 1219 reperiuntur:
1618 1152 1743 1222 quamuis
1754 1166 1800 1209 ar·

143 1229 216 1287 leno
233 1229 291 1286 lilii
306 1232 451 1304 episcopus
472 1233 603 1290 cernitur.
629 1236 705 1293 Dicet
725 1236 813 1305 aiios,
837 1238 871 1294 ab
883 1252 947 1296 auc·
996 1247 1124 1307 gumenta
1135 1253 1189 1295 non
1203 1238 1307 1308 desint,
1321 1241 1421 1311 quibus
1435 1241 1550 1311 probare
1564 1242 1660 1299 liceret
1670 1259 1718 1300 eos
1731 1259 1799 1316 quo·

143 1326 310 1383 torchorum
322 1341 482 1386 sermonum
501 1329 654 1387 conirrtatos
666 1346 729 1387 osse
745 1346 854 1387 errores
866 1329 945 1399 Arii,
997 1343 1052 1399 que
1077 1344 1218 1388 sermones
1231 1331 1266 1385 ad
1294 1330 1324 1388 8.
1340 1331 1479 1388 Zenonem
1493 1341 1614 1389 nostrum
1635 1336 1798 1405 pertinere,

142 1419 187 1491 qui
200 1417 263 1474 rivo
283 1418 396 1477 Zenone
409 1431 529 1494 martyre
553 1437 606 1477 rron
628 1429 697 1478 erat.
719 1421 945 1493 Respondemus,
997 1413 1155 1477 cum‘etiam
1170 1422 1301 1494 plurimos
1329 1439 1436 1481 snrnmo
1462 1425 1552 1481 studio
1586 1437 1614 1482 et
1631 1427 1800 1498 grauissimis

143 1524 204 1566 cum
219 1509 389 1581 Epiphanius
399 1511 500 1568 scribat
511 1522 614 1582 patrem
626 1513 683 1568 Arii
695 1511 946 1584 luisseilrigenem,
998 1513 1138 1570 laboribus
1154 1517 1179 1571 in
1203 1515 1306 1573 Gracia
1322 1517 1406 1572 multo
1429 1527 1492 1575 ante
1505 1517 1535 1575 8.
1557 1518 1686 1575 Basiliam
1702 1519 1800 1591 prndi-

143 1613 170 1660 et
181 1603 210 1660 8.
226 1601 349 1660 Thomas
364 1603 466 1660 iontem
489 1604 610 1677 eiusdem
635 1607 794 1673 exstitisse,
818 1622 945 1677 errores,
998 1603 1086 1663 cando
1101 1607 1135 1663 ad
1150 1606 1229 1664 iidem
1242 1608 1344 1678 Christi
1366 1618 1556 1676 converterem
1575 1619 1665 1666 mmen
1680 1625 1711 1667 ea
1726 1612 1752 1667 in
1769 1626 1799 1667 re

143 1694 189 1766 qui
204 1695 239 1749 ab
251 1696 317 1751 tirio
330 1694 498 1753 disseminati
514 1707 589 1764 sunt,
604 1696 688 1755 luisse
709 1708 854 1770 autequam
865 1700 947 1757 brius
997 1699 1159 1755 contentiosi
1183 1714 1244 1756 esse
1259 1699 1394 1757 nolumus
1411 1702 1452 1757 rid
1467 1701 1492 1757 id
1506 1718 1583 1770 vero,
1608 1702 1679 1773 quod
1704 1711 1799 1758 auctor

146 1794 325 1842 nasceretur:
342 1798 371 1842 ut
386 1802 495 1844 errores
509 1787 620 1844 botheri
633 1829 641 1851 .
666 1798 810 1862 antequem
835 1790 947 1862 pestiis·
961 1788 986 1849 B
999 1788 1173 1847 bibliothecae
1188 1801 1290 1846 sancte
1303 1791 1410 1860 scribit,
1425 1807 1523 1863 nempe
1536 1805 1640 1864 septem
1655 1808 1799 1851 sermones

146 1894 204 1934 ram
219 1879 293 1936 iilam
310 1880 437 1937 baeresim
452 1880 590 1937 Lutbcrus
600 1881 816 1948 disseminasset,
827 1885 947 1940 convicti
999 1881 1027 1936 iu
1042 1881 1108 1951 psal.
1124 1895 1193 1952 quos
1212 1883 1390 1948 enumerarit,
1405 1898 1467 1939 csse
1480 1883 1631 1952 descriptos
1654 1898 1689 1940 es
1708 1884 1739 1940 8.
1752 1884 1799 1939 1ιί-

146 1968 265 2026 inerunt.
280 1970 359 2039 Quod
374 1973 396 2028 si
413 1972 437 2028 is
457 1972 605 2029 contendat
623 1987 732 2030 errores
755 1974 816 2031 ilios
837 1974 947 2046 Origeui
1001 1973 1061 2029 larii
1087 1974 1301 2038 commentariis,
1326 1973 1440 2029 dicimus
1464 1974 1540 2030 ilium
1554 1974 1643 2044 quoad
1657 1990 1800 2032 numerum

146 2061 216 2117 lrlso
230 2063 357 2131 tributos,
371 2071 401 2119 ut
420 2064 577 2135 Pamphilus
594 2073 716 2140 martyr,
741 2074 769 2124 et
783 2065 828 2122 aiii
843 2067 947 2124 nobiles
998 2079 1125 2121 errasse:
1141 2078 1283 2120 sermones
1295 2065 1368 2120 euim
1389 2066 1416 2120 in
1433 2065 1503 2136 psai.
1518 2081 1603 2120 tsxrx
1616 2075 1644 2121 et
1656 2066 1683 2121 in
1699 2065 1799 2137 psal.o

146 2156 295 2226 scriptores
320 2166 503 2230 putaverunt,
524 2174 579 2215 non
602 2159 739 2216 convincit
759 2173 868 2215 causam
892 2174 947 2216 non
999 2158 1026 2214 in
1041 2158 1244 2216 commentariis
1258 2158 1288 2214 S.
1310 2158 1406 2214 iiilarii
1429 2173 1483 2215 non
1499 2160 1682 2229 reperiuntur.
1704 2160 1799 2228 Quoad

147 2250 243 2318 luisse,
261 2262 288 2306 ut
302 2250 332 2308 S.
356 2251 459 2309 Zenoni
475 2267 587 2310 necesse
601 2268 655 2309 non
677 2253 770 2323 inerit,
786 2253 860 2310 iilam
883 2268 946 2325 pes·
997 2251 1119 2322 reliquos
1134 2253 1264 2322 quinque,
1275 2267 1337 2308 curn
1353 2252 1407 2306 duo
1420 2251 1605 2308 sermonesde
1615 2251 1715 2324 psalm.
1726 2268 1798 2308 casn

149 2353 214 2409 tem,
229 2343 302 2414 quod
316 2342 402 2399 Filius
418 2361 471 2398 non
487 2348 522 2400 ιἰι
537 2355 689 2400 coaeternus
700 2343 785 2413 Patri,
808 2343 946 2402 refellere.
998 2344 1026 2400 iu
1042 2342 1084 2398 bis
1097 2343 1269 2400 sermonibus
1281 2345 1423 2416 legantur,
1444 2345 1581 2400 secundus
1594 2359 1658 2400 uero
1672 2347 1707 2401 sit
1717 2346 1800 2401 certis

147 2436 224 2505 Quod
238 2437 379 2508 objicitur,
401 2452 557 2495 sermonem
571 2438 606 2494 de
624 2435 790 2496 continentia
813 2455 866 2494 non
886 2454 948 2497 esse
999 2437 1162 2508 quibusdam
1175 2438 1326 2504 uocabulis,
1341 2447 1369 2496 et
1384 2438 1480 2495 iisdem
1495 2438 1551 2495 lere
1566 2440 1710 2497 sententiis
1720 2441 1798 2495 simi·

147 2530 176 2587 8.
191 2529 310 2586 Zenonis
333 2531 477 2606 martyris,
492 2544 554 2586 cunt
569 2531 596 2586 in
617 2545 651 2587 eo
665 2531 770 2602 legatur
782 2541 877 2587 auctor
897 2532 948 2587 ab·
999 2529 1033 2584 lis
1046 2529 1140 2600 priori,
1165 2529 1210 2601 qui
1223 2528 1333 2600 quidem
1346 2531 1422 2601 prior
1440 2531 1468 2585 in
1491 2530 1694 2587 commentariis
1708 2531 1739 2587 8,
1753 2530 1800 2586 tti-

149 2621 232 2678 iuisso
244 2638 261 2679 a
271 2621 301 2679 8.
317 2621 392 2678 Perdi
404 2622 948 2695 doctrinadiruigataannisquadringen·
1000 2623 1060 2678 larii
1073 2638 1127 2678 non
1138 2622 1287 2692 reveritum
1303 2637 1365 2678 eum
1387 2622 1488 2688 etiam,
1512 2621 1661 2681 seeundum
1676 2622 1799 2691 scilicet,

148 2715 182 2770 tis
194 2729 229 2770 eo
240 2715 370 2784 amplius,
383 2727 409 2770 et
423 2723 495 2771 totus
511 2730 580 2788 pene
593 2716 668 2773 orbis
687 2724 752 2771 tunc
765 2715 848 2772 inisse
861 2715 950 2771 cbris-
1000 2713 1115 2770 dicimus
1130 2728 1145 2768 a
1166 2714 1194 2768 8.
1218 2712 1328 2770 Zenone
1339 2726 1416 2769 mure
1426 2727 1476 2769 suo
1491 2710 1576 2769 luisse
1589 2712 1677 2782 aliqua
1694 2715 1800 2769 ratione

149 2807 256 2862 tianus:
273 2805 390 2864 dicimos
403 2816 528 2873 testum,
554 2808 625 2864 sicut
649 2807 741 2864 multis
757 2807 791 2870 ‚in
815 2807 884 2864 iocis
907 2817 950 2863 est
1000 2808 1155 2880 repetitum,
1184 2817 1212 2862 et
1236 2817 1381 2877 propterea
1396 2806 1430 2862 ad
1445 2806 1518 2861 ilium
1534 2808 1686 2877 pertinere,
1711 2804 1801 2864 sedin

148 2896 309 2964 mendosus,
322 2899 378 2964 ita,
401 2905 432 2953 ut
444 2912 517 2966 saepe
532 2897 562 2952 llt
577 2898 603 2952 in
618 2898 758 2962 stupueris,
779 2897 815 2953 ibi
829 2911 890 2953 esse
902 2897 950 2953 dc-
1000 2899 1204 2956 commentariis
1217 2898 1246 2955 8.
1263 2898 1355 2954 ililarii
1370 2898 1404 2954 ab
1427 2899 1518 2970 aliquo
1539 2898 1622 2955 inisse
1646 2898 1776 2954 insertum
1792 2939 1800 2966 ,

148 2997 302 3059 praeatum.
318 2987 377 3045 lam
392 3003 457 3046 vero
476 3004 538 3045 curn
562 2988 768 3045 disseminatum
789 3003 837 3059 per
855 3003 949 3056 onmes
1001 2992 1230 3062 quemadmodum
1242 2991 1364 3047 ridemus
1377 2990 1449 3047 iuter
1463 3006 1546 3062 opera
1562 2990 1731 3063 Hieronymi,
1746 2990 1802 3045 Διι-

148 3082 305 3154 prorinoias
319 3093 392 3139 esset
407 3082 579 3154 Erangeiium
599 3097 615 3138 a
630 3081 722 3138 multis
742 3090 902 3153 receptum,
916 3097 951 3138 eo
1001 3087 1101 3159 gussini
1129 3097 1156 3143 et
1168 3085 1320 3157 aliquorum
1337 3094 1492 3142 sanctorum
1509 3085 1617 3141 Petrum
1632 3084 1801 3153 conciones,

148 3174 175 3229 in
187 3174 249 3229 loco
263 3184 359 3229 auctor
374 3174 469 3245 ponit,
484 3183 514 3243 ut
527 3173 575 3239 iit,
597 3181 682 3229 totum
698 3188 746 3244 pro
765 3181 852 3245 pario.
875 3172 952 3228 bnti-
966 3173 989 3237 C
1004 3192 1031 3238 et
1047 3180 1153 3237 libellos
1168 3195 1221 3235 nou
1238 3179 1395 3251 ignobilium
1415 3188 1556 3234 auctorum
1577 3177 1731 3247 irrepsisse.
1759 3176 1801 3230 An

148 3266 273 3336 uilissimi
283 3267 404 3322 ²1¹tl⁰li³
412 3276 455 3322 est
468 3265 608 3332 1111111111,
621 3280 681 3323 111111
696 3279 769 3333 111111
783 3264 817 3319 111
840 3263 950 3323 1111111118
1002 3290 1068 3332 rero
1083 3274 1180 3344 reliqui
1192 3284 1309 3346 quatuor
1320 3272 1416 3330 eadem
1429 3274 1533 3328 ratione
1543 3270 1647 3327 luerint
1662 3270 1688 3325 iu
1704 3267 1800 3325 iisdem

149 3374 293 3415 sermones
307 3359 451 3417 helvetii:
464 3359 673 3416 ffliecbumenos
685 3359 720 3414 ²1¹
737 3359 951 3431 immerssettdiui
1003 3365 1207 3423 commentariis
1230 3365 1336 3430 inserti,
1356 3362 1443 3420 necne
1456 3405 1464 3431 ‚
1477 3363 1594 3419 aliorum
1608 3365 1643 3417 sit
1655 3361 1798 3439 judicium.

149 3468 179 3510 se
193 3455 220 3509 in
230 3468 339 3509 merum
354 3454 455 3508 iontem
469 3454 640 3510 invitaverit:
656 3453 864 3525 reprehenderit
876 3453 952 3511 Grae·
1003 3460 1059 3518 Nos
1072 3476 1148 3528 vero,
1164 3460 1209 3532 qni
1224 3459 1251 3514 in
1262 3459 1357 3516 eodem
1368 3468 1476 3514 vetusto
1488 3456 1584 3513 codice
1597 3469 1678 3510 manu
1698 3453 1801 3523 scripto

150 3544 325 3603 1181111111
341 3545 531 3603 1111111111311
545 3560 710 3614 ⁰⁰¹¹l0l⁸⁰⁸2
726 3545 797 3617 1111011
812 3560 880 3600 11111
903 3559 951 3601 1111
1004 3554 1054 3610 bos
1065 3554 1146 3610 etiam
1157 3566 1298 3608 sermones
1310 3550 1391 3606 simui
1404 3565 1465 3605 curn
1477 3557 1602 3620 quatuor,
1611 3562 1690 3618 quos,
1707 3557 1736 3602 ut
1743 3545 1799 3616 jam

155 3639 288 3710 sapientia
308 3639 392 3695 etiam
414 3639 440 3694 iu
454 3637 611 3701 Ecclesiam,
629 3639 676 3694 liei
701 3653 768 3694 sana
780 3638 903 3709 quadam
918 3636 953 3694 do
1004 3645 1133 3710 diximus,
1154 3645 1224 3714 apud
1238 3643 1267 3700 S.
1288 3642 1417 3698 Basilium
1430 3640 1525 3698 Graece
1537 3639 1689 3710 descriptos
1702 3635 1805 3708 reperi-

154 3733 210 3788 θαι
224 3733 444 3799 introducerent,
468 3743 498 3786 tii
509 3747 594 3786 sertu-
611 3747 620 3785 ι
642 3731 676 3786 de
692 3730 759 3801 usal·
783 3745 863 3807 eluxit·
878 3728 952 3786 idem
1005 3751 1076 3803 mus,
1091 3734 1252 3791 defraudare
1265 3733 1294 3791 S.
1310 3733 1447 3790 Zenonem
1462 3731 1629 3789 debita-suae
1642 3728 1729 3785 laudis
1742 3741 1805 3798 pos-

154 3826 324 3893 ostenditur,
336 3814 400 3882 ¹cum
416 3827 442 3881 in
467 3839 549 3881 serm.
565 3827 596 3880 de
621 3824 759 3894 spirituali
783 3824 955 3895 edificatione
1005 3829 1129 3884 sessione
1144 3840 1197 3883 uon
1213 3840 1307 3882 snmus
1319 3826 1388 3881 ausi.
1402 3823 1496 3894 Neque
1509 3824 1637 3880 lectorem
1661 3821 1805 3879 debuimus

155 3921 245 3975 domes
257 3919 308 3974 liei
317 3929 413 3975 auctor
426 3919 615 3984 demonstrat,
638 3926 701 3973 tuuc
723 3933 777 3972 uon
801 3914 886 3972 inisse
898 3916 953 3987 jam
1006 3928 1061 3975 nm
1076 3918 1134 3975 utili
1149 3929 1177 3975 ct
1189 3918 1316 3989 -jucunda
1331 3916 1449 3974 lectione
1463 3916 1581 3986 privare.
1597 3914 1635 3970 lie
1646 3913 1717 3986 stylo
1731 3913 1804 3984 quod

156 4013 253 4082 templa
265 4011 430 4068 Christianis
454 4020 620 4076 constructa,
644 4010 691 4066 sed
707 4024 807 4069 norum
824 4009 953 4081 populum
1006 4012 1144 4083 objicitur,
1160 4013 1236 4068 uario
1250 4011 1359 4068 dicendi
1371 4009 1451 4067 modo
1464 4024 1608 4085 sermones
1620 4007 1805 4079 conscriptos,

156 4120 181 4161 et
194 4106 339 4162 minimum
354 4120 468 4161 numero
482 4104 620 4160 exstitisse
632 4122 639 4157 :
651 4103 692 4159 rid
705 4102 862 4175 Neophytos
874 4116 956 4174 porro
1006 4105 1031 4160 si
1045 4100 1106 4175 qnis
1121 4113 1195 4161 recte
1208 4118 1257 4160 eos
1272 4103 1462 4175 perpenderit,
1476 4101 1646 4173 paucissimis
1660 4098 1803 4171 exceptis,

155 4214 349 4256 senmurum
364 4196 397 4253 de
410 4198 443 4254 iis
453 4199 618 4254 mentionem
633 4196 717 4261 iacit,
732 4197 783 4268 ,qni
800 4198 955 4252 uniuersam
1006 4195 1128 4268 ejusdem
1154 4195 1224 4267 styli·
1237 4195 1406 4266 comperiet;
1422 4195 1513 4249 insunt
1526 4191 1599 4249 enim
1614 4191 1710 4249 eadem
1732 4203 1806 4260 supe

157 4306 213 4346 rem
228 4291 390 4346 iamiliarem
412 4290 576 4361 pauperibus
601 4298 759 4361 erogarent.
784 4290 884 4361 quique
910 4288 956 4344 liei
1008 4288 1158 4355 vocabula,
1173 4288 1268 4345 eadem
1284 4287 1428 4344 uerborum
1442 4285 1585 4355 dispositio
1606 4294 1634 4340 et
1657 4283 1803 4341 contrexio.

159 4386 288 4456 tempium
314 4392 428 4452 essent,
453 4398 515 4439 cunr
542 4383 672 4455 templum
694 4381 856 4439 idolotatria
876 4390 956 4438 antea
1008 4377 1101 4449 Neque
1115 4386 1201 4434 tutum
1214 4387 1256 4433 est
1270 4391 1379 4446 semper
1393 4391 1426 4432 ex
1441 4376 1502 4448 styli
1515 4376 1656 4441 uarietate,
1672 4373 1700 4428 in
1715 4373 1807 4444 paucis

157 4476 334 4532 exstitissent.
362 4473 390 4531 id
414 4475 503 4547 ipsum
520 4485 651 4547 praterea
672 4475 735 4531 iicet
756 4476 909 4546 perspicere
923 4473 957 4530 ad
1007 4469 1138 4535 manime,
1152 4470 1187 4525 de
1203 4479 1315 4524 auctore
1336 4468 1394 4523 lieri
1407 4466 1540 4538 judicium
1553 4482 1561 4520 ι
1573 4480 1627 4521 non
1642 4464 1807 4536 enimquili·

157 4567 313 4641 Neopltytos
326 4582 409 4625 serru.
425 4582 514 4623 rcum
534 4582 582 4623 eos
601 4567 725 4623 bortatur
738 4574 844 4632 auctor,
856 4573 885 4619 ut
900 4565 958 4623 ido·
970 4561 997 4623 b
1009 4562 1056 4619 bet
1069 4571 1163 4618 auctor
1176 4561 1277 4631 scripta
1292 4575 1340 4615 sua
1353 4558 1447 4614 cadem
1464 4556 1570 4613 dicendi
1589 4558 1681 4628 pirrasi
1700 4569 1809 4627 semper

159 4661 292 4717 lolatriam
321 4659 443 4733 lugiaut,
467 4670 549 4717 etue
569 4668 678 4730 captent
700 4657 816 4727 amplius
835 4657 957 4728 auguria.
1009 4653 1168 4709 conteruit:
1183 4652 1236 4707 boc
1248 4665 1365 4721 namque
1374 4658 1402 4706 et
1413 4648 1576 4720 Augustino,
1586 4655 1615 4704 et
1626 4647 1807 4719 Hieronymo,

158 4754 247 4821 Quieti
262 4769 354 4810 nonne
368 4754 395 4807 iri
409 4754 483 4809 clare
495 4760 568 4825 patet
583 4767 616 4808 ex
631 4765 714 4807 serm.
728 4766 738 4805 ι
751 4751 783 4805 de
796 4747 918 4815 ranna.
930 4757 959 4805 et
1009 4755 1039 4802 et
1051 4744 1111 4801 aliis
1125 4744 1226 4801 sanctis
1239 4744 1371 4808 Patribus,
1387 4744 1537 4815 quinimmo
1554 4752 1582 4798 et
1603 4741 1632 4798 S.
1649 4741 1809 4811 Pauiospo·

158 4861 190 4900 er
204 4861 287 4902 serm.
300 4845 333 4901 de
346 4844 498 4903 Patientia?
516 4826 630 4916 quornm
653 4844 740 4900 altero
762 4841 960 4914 interpretatur
1010 4838 1081 4894 stolo
1094 4838 1259 4910 contigisse,
1286 4848 1315 4892 nt
1330 4845 1396 4892 tom.
1414 4852 1432 4893 ιι
1458 4835 1578 4892 vitarum
1601 4836 1761 4893 Sanctorum
1781 4833 1809 4889 in

160 4948 318 4993 autumnum
332 4937 372 4993 sui
386 4937 516 5008 temporis
527 4944 659 5009 martyres
671 4936 840 5008 signione,
854 4934 960 5002 patien·
1010 4929 1169 5000 praelatione
1182 4930 1227 4985 ad·
1241 4931 1391 4998 lectorem,
1417 4927 1455 4984 ait
1476 4926 1606 5000 tiioysius
1627 4926 1810 4999 bippopnauns

161 5032 224 5085 tiam
235 5031 263 5086 in
279 5029 366 5085 altero
379 5043 507 5085 coronam
521 5038 671 5100 martyrum
691 5027 808 5099 appellat
824 5024 959 5097 quotidia—
1012 5020 1093 5090 huius
1108 5020 1238 5077 Ecclesiae
1253 5019 1354 5076 Veron.
1371 5021 1534 5092 episeopus,
1557 5019 1719 5092 quandoque
1734 5033 1813 5090 repe·

163 5122 287 5178 narniis.
299 5120 402 5177 Tiresia
418 5120 448 5177 S.
462 5119 539 5177 Pauli
559 5129 647 5189 apost.
669 5119 818 5190 discipula,
835 5127 863 5175 et
874 5120 960 5188 prima
1014 5102 1110 5177 rirnns',
1126 5120 1155 5168 ut
1166 5127 1216 5183 pro
1229 5114 1361 5179 iocorum,
1382 5120 1555 5183 temporum,
1582 5120 1611 5168 et
1634 5126 1812 5183 personarum

163 5220 235 5275 iiiios
248 5231 332 5273 sexus
346 5225 448 5295 martyr
462 5215 488 5269 in
501 5227 627 5270 sermone
650 5213 682 5267 de
704 5210 810 5267 Timore
823 5213 849 5266 iu
869 5227 961 5267 exem·
1012 5210 1142 5282 qualitate
1155 5209 1236 5266 modo
1248 5209 1339 5277 altius,
1353 5210 1434 5267 modo
1446 5208 1591 5266 demissius
1602 5207 1811 5281 loquanturlm·

163 5312 235 5382 plum
250 5311 359 5368 timoris
373 5309 482 5372 bomini
506 5307 659 5363 adducitur.
675 5304 814 5376 Quosdam
837 5303 962 5360 ntenrinit
1014 5306 1124 5377 perlecti
1150 5320 1310 5376 sermones,
1332 5321 1400 5377 qnos
1413 5304 1441 5363 S.
1457 5305 1596 5363 zenorrem
1610 5306 1726 5363 dirersis
1740 5311 1812 5360 tem·

163 5405 190 5460 in
205 5421 290 5462 serm.
305 5404 338 5459 de
349 5402 545 5459 lleaomertione
558 5401 585 5457 in
607 5397 758 5461 idololatria
780 5412 829 5456 suu
841 5405 963 5469 tempore
1015 5398 1128 5472 poribus
1142 5399 1286 5469 scripsisse
1300 5394 1439 5469 probabile
1449 5408 1500 5467 est,
1514 5400 1549 5456 ab
1561 5399 1651 5471 aliquo
1661 5398 1720 5470 ejus
1732 5394 1814 5452 disci·

162 5497 284 5554 obiisse:
300 5506 329 5553 et
342 5496 506 5552 christianos
520 5490 651 5565 quosdam
666 5492 755 5561 arguit
767 5504 911 5560 cnrpomm
921 5503 964 5544 re·
1014 5490 1081 5560 puio
1096 5489 1211 5548 tideiner
1224 5490 1332 5549 collecti
1347 5502 1427 5564 suut,
1441 5506 1503 5553 curu
1525 5491 1673 5563 prasertim
1690 5487 1813 5560 quadam

162 5592 361 5648 surrectionem
378 5603 433 5645 noa
443 5588 597 5645 credentes.
613 5586 654 5643 db
672 5600 706 5642 oo
720 5595 850 5656 praterea
865 5583 966 5639 descri-
1016 5582 1044 5637 in
1059 5584 1098 5638 eis
1113 5583 1184 5649 sint,
1199 5598 1259 5654 quac
1273 5583 1367 5639 eadem
1382 5583 1441 5641 t'ere
1455 5593 1534 5651 snnt;
1560 5584 1632 5656 quod
1652 5590 1746 5639 auctor
1761 5582 1813 5633 mi·

162 5697 209 5756 pta
221 5696 266 5743 est
282 5685 313 5742 8.
326 5681 436 5740 Arcadii
451 5680 577 5754 martyris
587 5680 651 5747 rita,
666 5688 858 5749 suotempore,
871 5685 901 5731 nt
914 5675 967 5732 Pe·
1018 5676 1092 5755 nime
1106 5675 1232 5743 lecisset,
1248 5690 1336 5748 neque
1350 5674 1484 5748 quispiam
1510 5676 1595 5744 alius,
1609 5675 1654 5744 qui
1668 5688 1715 5728 eos
1727 5686 1759 5727 ex
1773 5669 1816 5724 di·

164 5792 225 5837 trss
237 5780 388 5852 episcopus
409 5772 553 5847 Equilinus
567 5782 690 5841 testatur,
706 5771 838 5844 martyrio
853 5770 880 5826 in
894 5767 969 5825 Mau·
1019 5768 1105 5824 uersis
1117 5768 1273 5825 artctoribus
1284 5768 1411 5838 colligere
1422 5766 1562 5823 uoluisset.
1578 5766 1619 5821 iix
1633 5765 1676 5819 bis
1689 5761 1769 5831 igitur
1783 5760 1815 5813 li·

951 5864 964 5886 t
