4142 6175
197 365 265 427 teni

197 493 286 541 ratum
300 477 393 534 fuisse.
407 471 463 528 itnn
478 473 507 522 et
519 476 580 519 curn
594 456 628 512 de
641 446 750 525 judiciis
761 441 855 512 ageret

199 575 267 637 'fab
282 570 414 641 scriptum
427 562 498 625 luit,
525 551 574 611 Sol
593 558 700 604 occasus
718 545 839 608 raptetur
953 610 959 621 ·

198 678 262 725 estu.
280 663 333 723 Sed
347 674 401 715 non
416 652 511 712 eadem
527 646 577 702 luit
590 637 711 696 orrtrriutu
726 629 897 685 decretorum
911 620 995 669 rattna

199 777 287 835 ueqrre
302 769 410 826 semper
422 765 452 806 aa
469 748 511 802 lex
526 747 633 797 seruata
648 735 701 786 est.
731 722 798 781 Natu
811 721 840 771 et
853 721 926 780 saepe
938 703 996 763 ito-

201 857 273 915 maui
300 847 396 911 inritati
417 848 481 899 sunt
497 827 693 901 Areopagitas.
718 814 764 888 qtri
787 802 897 876 naturisi
915 804 998 854 ttuctu

198 945 366 1020 indicabant,
380 945 408 997 et
422 935 481 1006 ipse
494 937 588 985 noster
600 917 767 989 instiuiarnts
782 910 810 963 in
838 895 952 959 Narelia.
961 888 997 949 ιι

197 1039 275 1111 iubet
289 1031 425 1107 pedaneos
441 1035 506 1080 suns
522 1012 629 1089 iudices
648 1006 746 1066 sedere
767 1014 816 1071 pro
831 983 959 1050 tribunali
981 995 997 1036 a

201 1143 308 1187 summo
321 1118 440 1191 diluculo
454 1124 539 1182 nsque
552 1097 785 1184 adyespertiuurn
796 1078 997 1155 crepusculum,

202 1221 260 1285 sire
282 1226 311 1283 ut
332 1211 466 1284 loquitur,
489 1224 526 1269 ιις
540 1190 727 1265 iubebitur,
748 1193 839 1253 raeque
852 1177 998 1249 quicquam

202 1314 312 1379 obstat,
330 1305 396 1379 quin
409 1302 432 1356 si
448 1309 530 1353 caum
546 1286 682 1364 postulet,
702 1276 784 1350 iudex
800 1270 885 1344 possit
898 1264 1001 1321 diutius

202 1407 284 1465 etiarn
300 1400 408 1459 sedero.
434 1389 556 1459 lienique
575 1391 603 1438 et
623 1380 786 1433 testamenta
802 1374 827 1422 et
843 1366 1001 1419 contractus

204 1506 285 1557 noctu
310 1506 390 1565 possa
416 1485 495 1550 lieri,
520 1471 698 1536 dubitandum
724 1479 777 1521 nou
801 1472 863 1517 esse
884 1455 927 1511 ler
951 1450 1000 1506 ait.

203 1591 287 1648 Libro
306 1599 377 1653 xxti,
403 1578 418 1652 i
440 1572 599 1648 penultim,
624 1565 658 1619 de
676 1560 859 1615 Testameut.,
884 1547 915 1603 L.
941 1542 1000 1599 Nau

204 1683 358 1745 minorem,
381 1670 414 1729 C.
438 1668 474 1725 de
495 1666 638 1720 Transeat.
666 1652 765 1710 Noster
792 1643 902 1717 tyuidem
928 1644 1002 1693 certe

204 1775 373 1848 Augustinus
396 1761 568 1837 respondeus
588 1750 737 1812 Donatistis
759 1746 915 1800 exclamat:
939 1731 1003 1800 Quis

204 1870 371 1944 [enutrietur
392 1859 509 1919 beminen
532 1846 653 1920 conqueri
673 1839 742 1913 qnod
768 1838 943 1891 necterentur
959 1809 1040 1879 eonii

205 1973 242 2021 est
258 1961 359 2033 prolato
372 1952 519 2016 tentemin3
534 1943 608 2018 quusi
623 1956 673 1995 uun
687 1949 755 2005 steps
763 1928 868 2006 judices
879 1917 1016 1983 audiendi,

207 2057 345 2115 trecenitur
361 2057 461 2114 teuent,
485 2051 514 2099 ut
528 2054 611 2112 nsque
626 2034 660 2089 ud
678 2029 788 2097 renitent
809 2029 908 2093 portem
921 2012 1005 2080 unctis

207 2153 295 2209 sedere
309 2141 458 2218 coguntur?
471 2137 511 2192 An
523 2133 583 2189 ideo
598 2145 649 2184 unu
662 2133 700 2182 est
714 2135 800 2177 uerunt
815 2112 883 2187 qnod
898 2109 1004 2172 dicitnr,

207 2242 269 2315 guin
284 2255 329 2311 per
342 2244 443 2297 uectem
456 2225 572 2297 dicitur?
589 2231 643 2278 etc.

244 2332 408 2390 interfuerat
426 2316 572 2380 Collationi
601 2308 739 2370 Errteritns
762 2298 925 2356 Donatista:
952 2287 1006 2346 Sed

211 2430 327 2500 ingenue
349 2436 402 2477 uon
428 2416 563 2475 fatebatur
584 2420 645 2464 sese
664 2405 691 2459 in
708 2414 742 2457 ea
761 2398 861 2459 nictum
874 2403 956 2454 esse,
981 2392 1009 2443 et

211 2520 304 2579 nescio
326 2529 395 2588 quus
412 2506 609 2582 palumuiarnnt
632 2499 721 2555 fumus
743 2487 887 2564 spargebat
908 2484 934 2538 iu
959 2492 1009 2537 sua

211 2606 373 2673 Caesariensi
388 2599 558 2677 Mauritania.
582 2594 621 2650 Eo
635 2593 725 2660 itaque
740 2600 802 2642 curn
817 2578 954 2651 ytrnfeclus
967 2589 1010 2631 es·

213 2712 255 2761 set
268 2700 453 2775 Augustinus,
477 2707 531 2746 trun
555 2682 691 2744 recusarit
711 2679 796 2736 vultui
809 2686 899 2731 actum
916 2684 1009 2742 agere,

214 2807 240 2854 et
254 2804 330 2869 gesta
342 2787 499 2847 Collationis
512 2796 606 2841 rrrrsns
621 2787 759 2847 exponere
773 2779 853 2840 atque
867 2763 948 2825 tueri.
965 2761 1012 2817 Ait

214 2889 242 2945 id
265 2902 296 2947 se
318 2884 417 2943 lecisse
438 2875 560 2941 durioris
583 2887 621 2927 ιιι
644 2879 672 2925 et
696 2861 852 2922 Theodosio
874 2871 920 2913 rrrt
939 2867 1011 2911 coss.

215 2984 308 3053 itaque
321 2983 434 3050 apparat
447 2982 550 3044 septem
565 2967 646 3022 antris
660 2971 721 3033 past
731 2956 910 3015 collationem
926 2948 952 3004 id
967 2962 1014 3003 ae·

215 3074 334 3139 cidisse,
359 3076 442 3142 atque
452 3064 522 3122 adeo
536 3075 569 3118 eo
581 3058 641 3129 ipso
654 3068 743 3118 rutro,
762 3064 816 3119 ntro
829 3046 857 3102 in
872 3040 1015 3111 Carthagi·

218 3170 296 3227 uensi
316 3163 433 3221 coneilio
448 3171 528 3215 causa
542 3151 750 3223 Pelagiaunrum
767 3142 919 3215 agebatur,
939 3141 969 3192 et
986 3140 1015 3190 ut

218 3254 535 3328 iniiilenitanojudieata
552 3250 640 3304 inerat
651 3259 723 3304 annu
735 3238 831 3313 priori.
848 3231 1015 3303 Augustinus

217 3359 266 3415 lib.
280 3373 297 3412 n
314 3357 433 3412 iletract.
448 3341 653 3416 sirnpiiciterait
666 3338 805 3406 aliquanto
819 3322 1018 3400 postfiolfatio-

220 3464 294 3516 netu,
306 3461 367 3502 cunt
383 3440 507 3516 quaedam
521 3446 581 3508 orta
595 3441 668 3490 esset
683 3426 832 3494 necessitas
845 3415 973 3489 pergendi
988 3413 1017 3486 ie

221 3540 406 3598 ldnrnitaninm
416 3533 612 3590 Caesariensem
628 3538 688 3583 sese
701 3523 791 3593 egisse
802 3531 863 3576 cnut
878 3513 925 3571 illu
941 3512 1020 3567 Erue·

221 3636 275 3691 rito
292 3648 300 3687 a
327 3644 414 3704 neque
427 3624 530 3694 alfunni
545 3634 654 3688 cansam
677 3616 752 3674 iliius
771 3626 829 3668 snas
842 3602 1021 3680 profectionis

222 3723 361 3796 exprimit.
391 3719 438 3776 Sic
450 3726 478 3773 et
493 3718 518 3772 in
533 3713 613 3784 epist.
630 3724 698 3766 cern
715 3726 723 3763 a
738 3704 789 3766 En,
807 3701 906 3771 innuit,
920 3713 966 3755 aas
981 3697 1023 3752 irt-

219 3824 314 3893 jurum
329 3813 403 3868 nebia
418 3826 434 3865 u
448 3806 552 3863 Zosimo
575 3799 726 3873 apostolice
745 3796 814 3851 redis
837 3791 960 3860 episcapa
979 3801 1022 3844 rc·

224 3909 368 3967 clericatice
393 3902 530 3964 uersantes
555 3896 709 3954 deduceret.
747 3888 782 3946 iit
812 3881 950 3942 Possidins
975 3876 1023 3948 utri

225 3998 347 4058 interluit
360 3992 522 4054 Caesariensi
547 3989 587 4046 illi
613 3983 734 4052 actionI,
759 3997 813 4036 utro
831 3976 922 4035 miuus
941 3987 1023 4042 nunm

225 4089 371 4151 Collationi
384 4080 608 4157 Cartbaginensl,
624 4085 728 4134 tantum
743 4074 790 4140 ait,
807 4071 880 4128 sedis
892 4065 1026 4140 apostoli·

227 4202 267 4243 cae
279 4185 385 4241 litteras
399 4177 565 4249 compulisse
579 4168 758 4242 augustinum
769 4179 832 4221 cum
846 4162 908 4216 aliis
920 4158 1026 4228 episco-

228 4279 270 4350 pis
296 4275 391 4332 renire
420 4272 448 4327 in
471 4264 660 4334 naturitapiam
684 4260 721 4315 ob
749 4251 934 4314 terminandas
955 4250 1027 4306 allas

228 4369 359 4434 Ecclesia
374 4361 574 4440 necessitates:
591 4370 709 4426 cunique
724 4350 867 4414 insiliisset
878 4346 906 4404 in
922 4342 1028 4400 Emeri-

231 4475 286 4520 turu
300 4463 359 4536 eius
376 4458 429 4518 loci
442 4454 644 4512 Donatistarum
660 4446 833 4518 episcopum,
850 4453 911 4500 eunt
927 4450 962 4496 eo
976 4434 1029 4494 ite·

232 4571 292 4610 runt
306 4563 482 4624 cnrrgressnm
496 4559 579 4614 esse,
603 4549 633 4596 nt
653 4540 676 4595 is
691 4537 776 4594 iibere
794 4533 898 4596 diceret
914 4542 965 4598 pro
978 4539 1026 4586 sue

232 4656 330 4719 parte,
346 4652 524 4714 quaecumque
538 4633 641 4697 vellet,
664 4628 730 4702 quia
743 4624 851 4696 guidam
867 4618 1029 4680 dictitabant
1053 4635 1056 4642 ⁴

232 4752 296 4793 euru
319 4736 344 4788 in
358 4731 513 4788 Collatione
537 4721 705 4796 prnlribituut
726 4731 788 4774 esse
812 4713 904 4780 omnia
925 4708 1029 4776 dicere.

233 4826 301 4895 Quid
318 4825 353 4880 ibi
368 4830 474 4895 gestum
490 4818 543 4882 sit,
560 4817 618 4886 ipse
632 4810 799 4884 Augustinus
815 4803 988 4875 conscripsit,
1002 4809 1033 4857 ut

234 4929 307 4994 gesta
322 4913 499 4975 Caesariensis
514 4912 586 4980 illius
599 4903 788 4978 collocutionis
801 4915 863 4956 cunt
879 4897 955 4956 Actis
966 4897 1032 4950 Car·

235 5010 403 5086 thaginensis
424 5005 588 5064 Collatiouis
608 5002 849 5072 coniungerentur.
876 4988 1032 5052 Ridiculum

235 5117 278 5165 est
297 5105 369 5177 qrroti
397 5101 581 5174 exscriptores
595 5093 786 5153 Centuriarnm
806 5086 926 5144 historie
940 5081 1035 5138 Eccle-

236 5199 353 5255 siasticus
368 5185 454 5264 nuper
465 5196 640 5250 artuotaruut,
654 5185 692 5246 illi
701 5178 864 5242 Caesariensi
877 5171 1035 5247 repetitioni

237 5287 395 5348 innterluisse
417 5286 598 5354 imperatores
617 5271 766 5336 llo'norinut
791 5283 818 5327 et
838 5265 1033 5332 Theodosium,

238 5384 300 5452 grtia
316 5381 386 5435 banc
407 5377 440 5433 iis
458 5373 617 5430 errnsnlibus
639 5369 758 5442 babitup
769 5364 938 5444 Augustinus
952 5356 1035 5412 dicat.

275 5476 427 5546 Superest,
452 5479 480 5525 nt
495 5470 672 5523 trinserremns
685 5461 781 5517 endem
801 5466 924 5526 tempore
936 5464 1038 5508 corrrc-

227 5568 314 5623 .nissc
330 5564 461 5622 adversus
477 5558 638 5628 Pelagianos
653 5549 850 5608 nobilissimum
866 5544 932 5601 iilud
946 5542 1039 5599 cunci·

242 5660 307 5715 lium
321 5656 537 5726 Carttrnginense
555 5666 562 5700 ι
587 5646 629 5704 cni
646 5658 736 5700 tamen
759 5640 904 5714 partciores
917 5634 1039 5711 episcopi

244 5750 371 5809 catlrolici
386 5745 580 5806 interfuerunt,
594 5752 676 5811 quam
691 5733 871 5810 interfueram
884 5726 1039 5804 Collatipni.

243 5846 310 5922 iiam
325 5846 351 5914 in
366 5845 417 5900 itac
430 5850 577 5910 scateret,
589 5835 619 5920 in
635 5834 682 5914 ttlp
692 5844 838 5910 rerpcpryt
849 5839 1039 5905 guisergutur,
1118 5879 1121 5885 .

652 316 813 393 tllsiutttt
832 290 1134 373 ctutusetllettsts
1151 280 1387 350 cominatus,

855 448 899 498 nr,
912 429 939 483 in
956 420 1036 493 tuA
1076 416 1204 487 ¹Prosper
1219 415 1246 470 in
1261 426 1311 468 suo
1325 404 1465 465 Cbrunleo
1477 404 1514 459 ait
1529 399 1667 470 Pelagium
1682 407 1755 451 antro
1765 391 1844 448 lflrri-

861 526 997 594 teupertus
1047 510 1082 566 sti
1095 508 1149 564 tls
1162 505 1316 578 publicasse
1331 513 1411 557 snum
1422 497 1533 567 ιοςιιιι,
1547 493 1599 547 lroc
1610 497 1663 555 est,
1677 486 1768 542 statim
1785 489 1850 555 post

1774 259 1846 327 iim

1049 601 1202 663 flonatistas
1216 600 1243 653 in
1256 591 1410 659 Coliatlune
1422 599 1574 659 repressos.
1589 585 1667 637 lutto
1676 587 1766 633 antem
1777 574 1843 644 teu,

1048 699 1141 754 babitu
1154 693 1225 765 apud
1238 687 1430 759 cartilaginem
1444 678 1561 738 concilio
1574 676 1627 737 eti
1641 672 1845 744 episcoporum,

1048 791 1131 849 missa
1145 802 1208 845 esse
1221 786 1255 843 ad
1271 782 1427 857 pontilicem
1441 774 1579 832 zosimum
1594 764 1734 841 synodalia
1749 763 1847 818 decre·

1050 900 1095 955 ta,
1110 884 1210 957 unibus
1226 878 1347 952 probatis
1361 889 1411 948 per
1425 881 1510 928 totnnr
1524 862 1654 922 rutundum
1668 856 1782 915 barecis
1796 853 1848 909 Pe·

1049 986 1154 1058 lagiana
1170 981 1298 1037 damnata
1311 974 1358 1030 sit.
1386 967 1440 1027 Sed
1461 980 1519 1022 rem
1541 970 1624 1017 totam
1644 956 1712 1012 satis
1730 967 1783 1008 uon
1798 964 1847 1005 ex-

1050 1079 1132 1152 plicat
1146 1076 1272 1147 Prosper.
1299 1068 1338 1125 Es
1355 1061 1496 1135 Augustini
1510 1071 1576 1112 uero
1591 1049 1699 1119 scriptis
1714 1053 1841 1117 repetere

1050 1175 1126 1238 iicet,
1140 1166 1212 1241 guod
1228 1159 1362 1232 imprimis
1379 1156 1423 1210 bie
1437 1145 1635 1209 obseruandum
1650 1148 1704 1198 est.

1087 1265 1201 1333 Propter
1213 1254 1368 1326 Pelagium,
1385 1257 1509 1316 tempore
1521 1234 1674 1296 innocentii
1689 1224 1787 1305 pontif.
1803 1227 1848 1283 cni

1051 1356 1177 1421 zosintus
1197 1346 1350 1410 suecessit,
1374 1338 1470 1398 eodem
1492 1344 1615 1403 ternpore
1629 1325 1791 1384 conuenisse
1807 1321 1860 1374 ni·-

1052 1453 1150 1507 deutur
1163 1446 1217 1501 dnn
1231 1453 1329 1509 magua
1347 1432 1483 1493 concilia,
1502 1423 1717 1494 Cartlraginense
1731 1423 1760 1470 et
1773 1413 1851 1470 ttite·

1052 1545 1174 1604 ultanum
1191 1554 1198 1590 z
1220 1532 1286 1591 illud
1298 1524 1471 1597 Carthaginis
1483 1530 1511 1577 et
1525 1516 1635 1580 Africae,
1648 1511 1701 1566 lroc
1714 1503 1850 1564 Nnrnidie

1054 1633 1155 1707 passim
1169 1637 1249 1684 vocat
1261 1620 1428 1694 Augustinus
1443 1614 1524 1685 epist.
1535 1623 1617 1669 reru,
1630 1620 1693 1668 retr,
1708 1614 1780 1666 serr,
1794 1612 1850 1662 ert,

1053 1736 1128 1783 exet
1144 1736 1225 1780 cerri.
1249 1717 1370 1779 Fateor,
1393 1723 1456 1766 cunr
1479 1701 1615 1774 Pelaglaui
1640 1709 1751 1752 causam
1773 1704 1851 1746 snam

1053 1817 1168 1893 indicari
1190 1814 1291 1870 rellent
1315 1809 1342 1864 ιιι
1368 1799 1515 1859 ιιιιιιιιϊιιιιι
1541 1793 1660 1853 concilio
1684 1787 1804 1845 ιιιιιιιιιιΙ
1825 1791 1854 1839 et

1055 1907 1231 1971 Occidentis,
1256 1898 1436 1971 Augustinnm
1457 1891 1483 1947 id
1497 1889 1531 1945 iis
1548 1897 1679 1957 negasse,
1697 1874 1855 1949 respondis-

1056 2018 1140 2074 senne
1152 1996 1308 2058 rarissimas
1323 1990 1408 2046 luisse
1422 1985 1557 2049 haereses,
1572 1986 1684 2049 propter
1696 1988 1764 2045 quas
1779 1971 1855 2025 dant·

1058 2097 1163 2156 naudus
1191 2091 1271 2147 uteris
1293 2082 1447 2142 necessaria
1469 2074 1642 2146 congregatio
1665 2066 1772 2141 synodi.
1799 2062 1855 2120 Sed

1059 2202 1148 2248 temen
1171 2200 1233 2241 cnm
1258 2181 1284 2237 ιι
1307 2176 1444 2237 scribebat
1462 2160 1698 2241 Augustinusiib.
1712 2174 1740 2215 tr
1760 2164 1856 2214 contra

1059 2281 1128 2336 duas
1138 2280 1225 2347 Epist.
1240 2273 1343 2341 pelag..
1359 2282 1420 2337 cap.
1430 2263 1556 2333 ult.,iam
1569 2250 1856 2313 uideratdnassaltcm

1061 2366 1241 2441 provinciales
1260 2359 1381 2435 synodos
1405 2357 1583 2424 congregatas
1614 2344 1648 2401 ad
1676 2339 1858 2397 damnandam

1063 2461 1187 2520 barastro
1202 2457 1387 2527 Pelagianam.
1408 2432 1476 2503 Nam
1488 2443 1516 2499 id
1533 2438 1627 2497 scribit
1641 2436 1675 2491 nd
1689 2430 1858 2489 Bonifatium

1063 2566 1140 2629 pont.
1153 2554 1230 2611 lione
1248 2558 1277 2605 et
1288 2545 1375 2605 multo
1390 2548 1449 2612 post
1463 2538 1524 2595 illas
1537 2532 1657 2608 synodos
1672 2526 1816 2594 scripsisse
1828 2535 1860 2576 se

1064 2666 1116 2706 uon
1139 2642 1294 2705 dissirnnlat
1312 2656 1318 2692 :
1339 2646 1366 2693 et
1385 2648 1451 2690 nero
1470 2641 1564 2686 earum
1587 2618 1745 2694 praeiudicia
1765 2615 1858 2681 flebat,

1064 2757 1091 2799 nt
1108 2751 1183 2797 tattta
1196 2735 1280 2807 magis
1297 2726 1450 2799 pelagianis
1470 2729 1617 2791 negaretur
1632 2710 1706 2784 quod
1729 2714 1861 2780 preterea

1064 2831 1232 2891 talnntniose
1247 2821 1431 2897 postulabant.
1443 2813 1534 2871 Credo
1547 2807 1673 2879 equidem
1688 2816 1736 2858 eos
1750 2797 1862 2854 carilia-

1065 2939 1108 2986 tns
1120 2921 1265 2995 essequod
1278 2914 1429 2974 Palladium
1443 2904 1587 2980 quemdam
1598 2900 1727 2958 Arianum
1742 2894 1768 2949 in
1779 2890 1864 2961 Auni·

1066 3022 1159 3078 leiensi
1175 3014 1279 3092 synodo
1293 3005 1421 3069 eludendi
1447 3014 1528 3058 cansa
1550 3001 1692 3053 eatrsatunr
1716 3003 1778 3045 esse
1797 2981 1865 3055 legi·

1069 3133 1139 3184 tuus,
1155 3127 1216 3178 erran
1230 3125 1288 3165 earm
1303 3101 1441 3178 synodum
1455 3096 1582 3165 reingere
1601 3105 1632 3145 se
1655 3086 1779 3150 diceret,
1800 3080 1864 3152 quia

1068 3205 1230 3264 uniuersalis
1244 3217 1297 3259 non
1311 3207 1394 3256 esset.
1426 3191 1480 3251 Sed
1495 3187 1566 3261 quod
1582 3181 1761 3241 smirnosius,
1776 3176 1822 3247 uui
1838 3172 1864 3229 ei

1068 3299 1185 3358 concillo
1209 3304 1345 3366 praerat,
1369 3285 1511 3358 respondit
1532 3277 1672 3340 Palladio,
1694 3270 1863 3341 Augustinus

1069 3389 1220 3462 Pelagianis
1245 3380 1414 3454 respondere
1438 3375 1553 3449 potuit:
1579 3367 1688 3425 tametsi
1707 3360 1869 3420 Ambrosius

1070 3486 1122 3541 boc
1136 3482 1196 3554 plus
1208 3478 1341 3540 baberet,
1357 3470 1428 3544 quod
1449 3470 1475 3524 in
1489 3467 1599 3522 Nicaeno
1612 3456 1728 3518 concilio
1742 3456 1869 3512 danmata

1071 3588 1142 3635 esset
1167 3572 1279 3634 lraeresis
1298 3570 1408 3624 Ariana.
1437 3563 1525 3620 Porro
1547 3552 1725 3613 nreurorairile
1738 3557 1780 3605 est
1799 3542 1871 3611 ιιιιιιι

1073 3667 1239 3740 Augustinus
1255 3669 1387 3731 praeterea
1400 3653 1551 3726 signifieat,
1568 3646 1728 3717 Pelagianos
1740 3637 1872 3696 Collatia·

1074 3777 1134 3816 netn
1148 3754 1318 3831 postulasse,
1343 3749 1432 3820 riualis
1446 3759 1508 3802 cnm
1525 3737 1672 3797 Donatistis
1689 3733 1787 3790 luerat.
1817 3727 1872 3785 Scri

1075 3854 1171 3909 interito
1183 3847 1338 3906 Catltolieos
1351 3856 1412 3899 eam
1427 3838 1579 3910 refugisse,
1596 3848 1630 3890 ne
1643 3840 1735 3886 actum
1750 3831 1862 3898 agerent

1111 3945 1245 4014 Caeterum
1261 3938 1314 4006 etsi
1329 3933 1509 4005 augustinum
1523 3927 1641 3986 concilio
1657 3923 1813 3981 ilileritanu
1827 3933 1875 3989 po-

1076 4041 1130 4096 tius
1144 4050 1225 4110 quant
1238 4027 1445 4100 Carthaginensi
1458 4021 1616 4080 interlitisse
1627 4019 1762 4082 dieamus,
1779 4023 1871 4068 tarrteu

1076 4146 1138 4187 curn
1150 4128 1333 4198 llileritanum
1349 4121 1429 4177 citius
1445 4117 1551 4173 initum
1572 4110 1669 4175 fuerit,
1694 4117 1724 4164 et
1735 4104 1876 4172 Cartbagi-

1078 4235 1163 4278 ueuse
1178 4217 1280 4282 diutins
1294 4211 1422 4282 durarit,
1450 4223 1506 4266 nou
1527 4217 1676 4273 rtegarruts,
1702 4206 1732 4255 el
1753 4196 1815 4250 ltuic
1835 4195 1877 4248 ir.-

1078 4322 1185 4388 teresse
1199 4308 1308 4374 tandem
1326 4304 1401 4366 illum
1418 4300 1550 4372 potuisse.
1573 4295 1697 4364 irruptum
1720 4301 1808 4344 tantan
1823 4295 1876 4352 est,

1080 4404 1153 4477 quod
1168 4403 1317 4471 scriptores
1331 4394 1523 4453 centuriarum
1537 4395 1680 4450 annotant,
1697 4381 1877 4452 Arrgustinnm

1081 4502 1105 4557 ci
1127 4497 1283 4571 praefuisse,
1310 4508 1343 4555 et
1359 4504 1446 4561 eoque
1464 4485 1498 4541 ad
1516 4480 1704 4541 innocentium
1724 4473 1878 4544 scripsisse,

1082 4591 1223 4669 Aurelium
1244 4587 1333 4657 potins
1349 4583 1442 4643 dicere
1457 4577 1595 4650 oportuit:
1616 4570 1695 4628 sicuti
1711 4576 1740 4624 et
1753 4567 1778 4622 is
1790 4565 1880 4637 primo

1082 4688 1144 4744 ioco
1156 4684 1312 4740 nominatur
1325 4679 1352 4738 in
1366 4674 1480 4747 epistola
1494 4672 1553 4742 eins
1568 4665 1676 4724 concilii
1700 4661 1733 4717 ad
1747 4660 1881 4716 innocen-

1083 4780 1169 4842 tium,
1193 4776 1218 4831 in
1243 4788 1294 4843 tyna
1308 4767 1475 4840 Augustinus
1496 4778 1550 4820 non
1569 4759 1745 4816 troruiuatur:
1770 4748 1879 4806 tametsi

1084 4870 1198 4948 epistola
1211 4868 1295 4923 relata
1309 4864 1345 4920 sit
1358 4861 1429 4918 iuter
1442 4855 1585 4928 Angtrstini
1600 4849 1730 4921 epistolas
1746 4861 1821 4901 nunt.
1833 4842 1880 4907 9ιι,

1084 4964 1163 5019 sicuti
1177 4974 1204 5016 et
1219 4970 1380 5036 responsum
1401 4948 1549 5008 innnocentii
1562 4944 1714 5015 subiecunn
1732 4948 1785 5004 est,
1799 4933 1879 5009 367

1087 5068 1200 5113 rrutucro
1214 5052 1257 5108 ul.
1285 5047 1420 5116 Ceterum
1446 5053 1501 5112 tam
1524 5054 1557 5096 es
1580 5035 1734 5092 iiilcritano
1753 5030 1882 5091 conicitis,

1086 5165 1166 5223 qnam
1180 5146 1277 5203 delude
1291 5158 1324 5200 cx
1340 5141 1406 5195 urbe
1417 5129 1627 5204 Carthaginensi
1639 5124 1805 5198 Augustinus
1819 5133 1882 5173 curn

1088 5245 1144 5300 suis
1161 5241 1275 5311 collegis
1294 5233 1436 5303 rescripsit
1453 5228 1548 5284 cadem
1563 5228 1598 5282 de
1611 5238 1640 5279 re
1653 5222 1686 5276 ad
1700 5217 1827 5274 eumdem
1840 5212 1883 5268 iu.

1088 5333 1244 5390 nocentium
1257 5329 1337 5399 epist.
1353 5339 1410 5382 rctt
1422 5333 1448 5380 el
1465 5337 1528 5389 scr,
1550 5327 1577 5376 et
1592 5321 1681 5373 exstat
1693 5311 1726 5367 ad
1741 5317 1884 5376 utramque

1090 5440 1250 5498 responsum
1269 5415 1425 5489 iunocentii
1439 5415 1522 5489 epist.
1536 5426 1601 5469 xctn
1621 5418 1649 5465 et
1664 5420 1735 5462 serr.
1758 5399 1887 5471 Augusti-

1094 5534 1144 5578 nus
1168 5519 1240 5574 titur
1264 5521 1357 5574 cortina
1371 5511 1508 5572 lulianum
1528 5521 1589 5574 cap.
1603 5503 1635 5569 ι,
1656 5495 1817 5567 simpliciter
1836 5492 1884 5558 ait,

1091 5610 1277 5669 itrrtocentirnn
1300 5605 1436 5662 Africanis
1460 5598 1633 5672 respondisse
1653 5587 1791 5649 conciliis,
1813 5581 1886 5656 quod

1093 5705 1245 5786 antiquitus
1259 5699 1409 5774 apostolice
1423 5696 1503 5758 sedes
1514 5704 1541 5754 et
1554 5692 1675 5750 bantana
1691 5680 1812 5740 Ecclesia
1824 5689 1886 5736 eninr

1092 5801 1198 5883 saeleris
1212 5808 1294 5868 tenet,
