4142 6175
257 250 310 307 tot
956 256 1234 317 seductoribus.
1857 263 1908 322 itit

255 365 419 434 occuluisse,
432 381 483 423 nee
497 366 739 442 proindegenitum
763 370 798 425 ab
823 378 926 426 ceterae
949 371 1201 444 siquid-,quilius
1213 388 1260 427 siin
1273 371 1320 427 iliu
1339 372 1538 440 substantium
1557 389 1610 439 que
1632 374 1723 432 bertus
1748 393 1855 435 murreus
1879 383 1907 436 iu

255 474 330 515 caiis.
357 458 464 517 Arianis
487 461 556 517 lavet
574 461 767 531 apertissime:
794 462 845 518 uisi
868 460 939 519 forte
953 463 988 519 de
1008 463 1054 519 illo
1105 467 1302 535 sempiternum,
1318 467 1620 537 omnibus,quicliabet,
1649 470 1784 526 linientem
1807 470 1906 529 Filiuni

255 552 339 623 priori
351 553 620 625 originisaccipiatur
642 570 674 610 ea
688 554 860 627 propositio,
886 570 941 626 quo
967 554 1055 611 Filius
1105 559 1346 632 pcricprucreeuit.
1369 559 1467 616 budiu’
1492 559 1632 618 Zenonem
1660 572 1753 634 aperte
1779 564 1906 624 latentem

255 644 282 700 iu
298 646 376 702 Patre
390 647 463 717 prius
476 646 600 717 potentin,
614 646 678 703 deiri
690 657 761 714 ectu,
775 647 824 704 sed
849 657 995 718 utrumque
1017 647 1054 704 ab
1106 649 1217 717 Filium,
1232 649 1417 707 distinctuma
1431 651 1523 722 Patre,
1539 631 1657 710 etunius
1670 671 1732 712 eum
1748 656 1829 714 Patre
1842 659 1906 714 sub·

255 750 356 797 aterno
370 740 452 797 luisse
464 740 624 813 concipitur.
639 741 691 796 etii
704 756 720 798 e
734 752 829 798 curura
839 741 949 799 Arianis
968 749 997 796 ut
1010 756 1054 797 se·
1105 743 1212 799 staniiic
1227 744 1363 809 esisiere;
1386 744 1486 815 quippe
1497 759 1577 816 quem
1590 745 1671 803 Pater
1680 746 1803 804 adiuuere
1817 751 1905 821 penit

253 848 283 888 sc
293 840 470 904 opponerent,
488 833 622 898 eaindeni,
646 848 707 905 quae
732 833 777 890 bic
799 832 941 890 aZeuone
967 850 1053 890 usur·
1104 851 1137 891 eac
1150 852 1187 901 ic,
1204 836 1328 892 videlieet
1344 853 1377 891 erc
1391 838 1537 893 innascibili
1562 837 1708 894 subsecutio
1723 839 1821 909 Patris,
1844 859 1906 914 qum

254 933 342 996 patui,
358 924 494 995 protulere
508 923 663 990 lormulnm,
679 924 753 992 Frui,
768 936 906 1000 antequam
929 942 1051 983 noscere·
1103 931 1126 987 si
1140 930 1302 985 irineseibilis
1316 939 1369 995 est,
1388 938 1462 988 etex
1475 930 1570 987 eadem
1597 932 1773 990 nibilominus
1793 949 1809 990 a
1825 935 1906 993 Patre

253 1025 304 1085 tur,
328 1016 357 1071 iii
379 1014 484 1071 Putre:
510 1017 558 1073 sed
583 1032 616 1072 ea
639 1017 864 1088 interpretatione
891 1019 1050 1086 utebantur,
1102 1022 1208 1093 genitus
1218 1020 1269 1077 luit
1286 1021 1381 1087 Filius,
1397 1022 1492 1079 eailern
1520 1025 1613 1093 procul
1642 1024 1724 1082 dubio
1749 1027 1902 1084 substantia

251 1123 304 1180 qua
315 1107 519 1181 dumuuam(ut
531 1110 637 1167 notavit
648 1110 881 1185 Plrilnstrtuscap.
898 1111 973 1184 ibt),
987 1127 1051 1169 eva·
1102 1116 1296 1173 communicari
1314 1116 1383 1173 Filio
1393 1116 1497 1186 debuit,
1514 1119 1566 1174 alia
1581 1134 1632 1175 nee
1646 1121 1750 1189 debuit,
1775 1137 1826 1178 nec
1854 1139 1904 1194 pii-

251 1200 494 1257 derecouabautur
508 1201 645 1269 baeresim,
668 1203 847 1260 neteruitatem
865 1204 1051 1276 unitatemque
1102 1209 1153 1264 tuit
1169 1229 1175 1261 :
1191 1209 1262 1266 unde
1276 1210 1358 1266 elium
1368 1228 1396 1265 se
1406 1226 1469 1267 vere
1482 1213 1602 1284 genuisse
1615 1214 1799 1285 cognoscitdr,
1823 1217 1904 1271 elium

250 1295 408 1352 substantie
418 1295 509 1353 divino
525 1296 612 1353 Verbo
625 1296 826 1367 demolientem,
852 1299 1008 1356 incidebant
1022 1300 1049 1357 in
1101 1302 1216 1368 scilicet,
1228 1317 1282 1359 riou
1295 1304 1378 1370 eliud,
1390 1319 1505 1373 quornm
1516 1304 1630 1361 alterum
1644 1307 1674 1362 τὸ
1688 1306 1770 1362 client
1778 1323 1904 1380 persuum

249 1389 342 1456 aliam,
366 1406 418 1461 qua
444 1407 507 1448 euin
529 1391 678 1463 ingenitum
702 1408 735 1450 ac
756 1393 869 1465 proinde
889 1394 989 1452 Filium
1014 1396 1050 1453 ab
1101 1392 1304 1451 distinctionem
1318 1394 1417 1462 iunirit,
1428 1396 1544 1452 alterum
1570 1406 1660 1454 autem
1682 1399 1711 1455 τὸ
1736 1416 1764 1455 sc
1788 1398 1905 1455 adstruit

250 1490 352 1539 aeterno
373 1499 428 1539 nou
450 1482 532 1540 luisse
553 1484 733 1552 alilrmabant,
757 1502 837 1557 quam
861 1485 987 1544 bercsirn
1009 1489 1050 1545 sic
1101 1486 1280 1556 identitatem,
1297 1497 1325 1543 ut
1339 1498 1447 1554 vocant,
1462 1489 1562 1545 divium
1577 1499 1690 1545 naturas.
1714 1490 1781 1547 lliuc
1795 1507 1903 1563 quoque

249 1565 415 1648 Augustinus
435 1591 469 1632 ex
491 1576 587 1633 codem
614 1577 760 1636 Pbilastriu
783 1579 893 1636 brevius
920 1579 1049 1636 describit
1100 1581 1182 1639 Pater
1196 1598 1357 1654 procreasse
1369 1584 1484 1640 traditur
1497 1584 1595 1641 Filium
1620 1586 1694 1658 peric
1718 1587 1852 1645 debentem
1875 1588 1903 1643 in

248 1666 320 1723 tter.
337 1668 383 1735 80,
398 1683 456 1741 pag.
472 1668 520 1736 25,
535 1677 602 1725 tom.
618 1670 717 1729 &Alie
727 1672 878 1743 scnipitcrne
892 1682 984 1727 uatum
995 1689 1048 1728 ueri
1099 1675 1226 1743 omuibus,
1242 1693 1299 1747 quic
1310 1674 1391 1732 Peter
1402 1677 1476 1732 linbct
1492 1719 1500 1744 ,
1517 1678 1560 1733 ubi
1582 1679 1656 1750 pario
1674 1694 1723 1748 pro
1739 1681 1827 1735 eudem
1841 1680 1900 1736 die·

247 1760 392 1834 intelligitus
405 1759 513 1828 Filium,
539 1772 614 1834 putet
636 1763 710 1819 illurn
725 1766 884 1821 noticitntcui
894 1781 1045 1836 sumpsisse
1062 1776 1156 1836 Btum
1171 1777 1224 1834 est,
1251 1767 1332 1836 idque
1359 1779 1402 1824 cst
1426 1768 1543 1825 cciirdern
1564 1770 1645 1841 plane
1673 1769 1735 1827 Filii
1760 1770 1901 1844 Patrisque

246 1863 386 1923 utcmpcrc
408 1855 530 1913 initium:
545 1866 665 1913 ettamen
689 1858 775 1915 nolens
790 1867 946 1922 coeternum
970 1858 1047 1914 Petri
1098 1862 1268 1918 substantium
1279 1862 1414 1930 coiibteri,
1430 1879 1511 1936 quam
1530 1865 1591 1921 aliis
1618 1865 1782 1923 testimoniis
1805 1879 1900 1938 operte

247 1947 347 2004 Fiiiiiur
363 1950 491 2022 confiteri,
506 1952 576 2025 opud
590 1952 666 2007 illurn
677 1953 767 2026 fuisse,
781 1961 919 2021 antequem
945 1952 978 2007 dc
1000 1952 1046 2007 illo
1098 1952 1263 2010 declaratam
1276 1971 1291 2010 a
1306 1954 1416 2011 Zenone
1428 1955 1492 2010 alibi
1504 1953 1684 2012 ostendimus.

247 2052 409 2109 irasceretur,
423 2043 571 2111 existimem·
586 2042 634 2099 boc
648 2054 686 2100 est
701 2061 823 2114 ,semper
834 2044 1047 2115 certissisimis·
1134 2045 1202 2101 Dum
1222 2060 1303 2116 porro
1323 2055 1378 2112 tota
1396 2046 1454 2103 baec
1471 2048 1540 2104 ratio
1561 2059 1643 2119 atque
1666 2051 1796 2121 praecitur
1812 2052 1900 2108 Zeno·

245 2151 304 2190 runi
319 2143 402 2192 tumen
413 2152 513 2208 seniper
525 2153 582 2191 euin
598 2134 700 2192 Fidium
710 2154 761 2193 non
770 2137 860 2205 feisse,
876 2135 922 2192 sed
941 2152 973 2191 eac
995 2151 1046 2200 quo
1097 2137 1185 2193 uianac
1196 2137 1376 2195 confessionis
1389 2140 1523 2210 prolessio
1536 2139 1570 2195 ad
1581 2155 1641 2198 cum
1656 2140 1716 2197 Filii
1730 2145 1898 2200 nativitatem

246 2229 278 2285 de
291 2229 337 2285 illc
350 2241 427 2286 uetus
436 2239 483 2300 cit,
498 2229 598 2286 Filium
613 2247 668 2287 esse
682 2231 797 2304 cupisse.
807 2229 900 2303 ltaque
912 2228 1045 2286 catbolico
1098 2232 1242 2299 pertineat,
1253 2230 1288 2286 de
1304 2247 1356 2301 qua
1370 2231 1476 2288 dixerat
1487 2230 1586 2298 i‘Erut,
1595 2242 1732 2306 antequem
1740 2247 1897 2303 numeretur,

245 2322 305 2379 viro
339 2323 499 2382 eatbulicam
533 2325 664 2383 adversus
693 2325 809 2382 Arianos
845 2323 1044 2397 professionem
1096 2320 1124 2376 in
1134 2320 1214 2377 Putre
1227 2323 1334 2394 equalis
1344 2324 1371 2379 iu
1383 2323 1817 2391 crinibus,·liicautemstatusille
1826 2327 1898 2386 idenr

245 2414 350 2482 edenti,
363 2415 685 2488 velomittendaprorsus
703 2416 762 2473 iimo
785 2415 892 2473 dicendi
917 2415 1044 2483 lormula,
1096 2417 1130 2471 sit
1152 2432 1184 2474 ac
1205 2417 1250 2488 qui
1271 2417 1410 2474 abenoiie
1424 2418 1486 2474 aliis
1506 2420 1595 2475 verbis
1615 2420 1759 2491 exponitur
1785 2423 1899 2479 tracti

243 2506 310 2564 lieet
321 2508 424 2566 eisdem
439 2509 562 2581 opposita
577 2509 662 2568 videri
677 2511 773 2579 possit,
788 2517 817 2565 nt
829 2509 929 2579 placuit
943 2507 1045 2564 iiilario
1097 2517 1124 2565 et
1135 2509 1169 2575 5,
1181 2525 1265 2582 quum
1278 2510 1377 2567 Filium
1397 2511 1423 2566 iu
1443 2511 1532 2567 Patris
1544 2511 1711 2568 conscientia
1726 2512 1842 2568 velatum
1856 2522 1898 2570 at-

245 2599 294 2657 lib.
316 2617 354 2657 su
369 2598 404 2658 de
417 2601 559 2670 Tririitate,
575 2616 650 2657 nirm.
662 2601 709 2669 bl,
722 2601 766 2657 vei
778 2616 840 2656 cum
855 2599 889 2656 de
905 2598 1044 2655 nativitate
1095 2616 1147 2672 que
1159 2601 1285 2657 latentem
1297 2601 1430 2674 prodidit:
1442 2602 1498 2674 jam
1512 2604 1598 2674 palam
1608 2603 1717 2660 tavidem
1730 2615 1786 2672 est,
1799 2605 1896 2661 Filium

243 2704 317 2752 esset
325 2702 386 2752 cutn
396 2695 504 2752 Arianis
514 2695 644 2766 quaestio,
667 2694 703 2751 ita
721 2693 756 2751 de
782 2692 877 2748 eadem
902 2691 1044 2764 explorate
1095 2692 1170 2750 bisce
1190 2710 1298 2765 quoque
1321 2695 1348 2750 in
1365 2694 1524 2751 tractatibus
1535 2711 1586 2767 pro
1599 2711 1634 2753 eo
1653 2711 1761 2767 quoque
1774 2705 1846 2753 statu
1870 2707 1898 2755 ct

242 2796 303 2845 erat
316 2788 507 2861 proliteudum,
523 2799 600 2846 utne
614 2788 678 2860 quid
692 2786 866 2860 suspicionis,
892 2788 934 2843 vel
952 2785 1042 2842 aiiibi-
1093 2801 1158 2842 vere
1181 2787 1302 2858 genitum
1329 2795 1411 2858 atque
1433 2785 1588 2843 distinctum
1613 2803 1629 2842 a
1651 2787 1750 2852 Patre,
1773 2797 1801 2844 et
1823 2788 1896 2844 Patri

242 2879 353 2953 quitatis
377 2879 532 2936 alternetur.
548 2879 576 2934 lu
592 2878 644 2935 boe
657 2890 748 2935 autem
774 2878 828 2935 duo
853 2876 1041 2950 prospicienda
1094 2879 1224 2947 aequalem
1240 2893 1271 2934 ac
1284 2877 1405 2948 eiusdem
1421 2881 1509 2945 ptainae
1531 2879 1689 2934 substantia
1704 2897 1717 2932 a
1733 2878 1842 2935 Zeiiouc
1853 2896 1897 2936 se-

242 2972 360 3029 maxime
371 2970 498 3039 lue'ruut3
515 2972 631 3044 primum
642 2980 674 3027 ut
686 2970 722 3026 ita
732 2970 816 3027 Filius
826 2970 976 3026 abaeteruo
985 2978 1042 3026 tra·
1093 2985 1124 3026 sc
1138 2970 1189 3026 lioc
1212 2970 1274 3026 locu
1296 2970 1362 3025 satis
1382 2984 1518 3040 superque
1540 2969 1692 3042 explicante
1711 2971 1832 3026 babituru
1851 2987 1897 3026 as·

241 3062 352 3121 deretur
362 3063 446 3123 luisse
461 3065 487 3122 iu
500 3063 590 3130 Patre,
605 3072 635 3120 ut
648 3061 728 3121 simul
751 3061 833 3120 luerit
856 3062 1001 3119 distinctus
1025 3077 1040 3118 a
1092 3071 1250 3133 sertoriique
1264 3061 1357 3118 luisse.
1375 3062 1425 3119 Eat
1439 3076 1511 3119 nunc
1525 3061 1666 3132 Petavius,
1684 3072 1783 3135 etpost
1796 3064 1892 3121 recita·

242 3156 334 3224 Patre,
354 3167 382 3214 et
396 3158 484 3214 Patris
510 3156 595 3214 Filius
618 3156 703 3214 luisse
725 3154 892 3212 indicaretur
921 3164 1014 3226 aperte
1030 3150 1076 3230 {c
1093 3166 1148 3213 turu
1161 3165 1261 3213 testum
1275 3155 1414 3212 :Procedit
1422 3158 1449 3212 in
1457 3158 1675 3224 uctiritmeiri,qui
1686 3168 1896 3231 crut,uiitequeur

241 3259 372 3321 praterea
387 3264 450 3307 vero
459 3256 487 3304 ut
498 3247 798 3318 aidriiiareturmqualis
817 3246 891 3302 Patri
904 3245 1041 3317 ejusdem·
1093 3260 1256 3317 irasceretur,
1270 3251 1298 3304 iii
1311 3247 1409 3318 l’ctre,
1423 3250 1493 3306 banc
1507 3251 1730 3327 consequentiam
1744 3251 1870 3307 obtrudat
1885 3271 1892 3306 ι

156 3412 160 3418 ⁶
240 3357 368 3414 quecum
382 3341 639 3407 Patrosubstautiae,
654 3345 801 3413 utaequis
816 3338 973 3396 iriieriorem
987 3337 1040 3393 Pa·
1092 3343 1163 3417 Erqo
1184 3342 1302 3411 Filium,
1322 3354 1460 3415 antequem
1474 3362 1490 3398 c
1505 3343 1585 3399 Putre
1598 3345 1761 3417 gigneretur,
1775 3345 1802 3401 r'ii
1813 3343 1896 3400 Putre

241 3436 275 3492 tri
290 3435 387 3492 Filium
400 3436 528 3508 colligere
542 3447 646 3508 posset.
664 3435 814 3507 Utrumque
834 3443 923 3491 autern
945 3441 1041 3490 auctor
1091 3438 1217 3494 exstitisse
1227 3437 1374 3510 significem
1385 3436 1517 3511 generatio
1526 3453 1585 3492 uero
1595 3447 1619 3491 et
1629 3439 1751 3493 ueiieitiis
1762 3448 1816 3492 tuin
1828 3438 1878 3508 [uit
1884 3478 1892 3504 ,

239 3528 292 3585 boc
302 3530 372 3601 ipso,
392 3533 436 3586 cui
453 3528 512 3586 lime
535 3529 649 3586 lurmula
679 3528 780 3585 inserte
809 3536 869 3595 est,
885 3527 1039 3583 intractata
1091 3546 1306 3587 cuniresemncs
1321 3546 1457 3601 procreare
1475 3532 1571 3598 voluit,
1586 3540 1639 3587 etc.
1654 3530 1789 3603 iritegrum
1807 3532 1830 3586 si
1851 3548 1895 3587 re·

238 3624 375 3697 prestitit.
387 3624 508 3681 Primum
523 3625 590 3681 satis
602 3623 630 3680 in
646 3633 703 3681 tuto
713 3623 802 3695 posuit
813 3621 898 3694 prima
916 3621 1038 3693 periodo,
1090 3625 1202 3681 uitasset
1213 3635 1239 3681 et
1251 3626 1451 3682 considerasset
1466 3635 1585 3691 testum,
1600 3642 1651 3681 nec
1661 3626 1798 3682 omisisset
1813 3627 1892 3683 verba

238 3735 301 3777 curu
314 3717 411 3775 Filium
426 3720 453 3775 iu
467 3719 527 3776 sinu
542 3717 631 3775 Patris
646 3715 735 3773 adbuc
759 3718 910 3783 latentem,
938 3714 1040 3771 Fidium
1090 3715 1124 3773 ad
1135 3710 1198 3773 euru
1213 3724 1329 3783 statum,
1345 3732 1399 3788 quo
1413 3716 1498 3772 Filius
1513 3716 1540 3772 in
1562 3717 1642 3773 Patre
1660 3718 1785 3785 exstitit,
1807 3718 1892 3789 perti-

237 3829 303 3870 vere
314 3813 398 3872 luisse
411 3812 566 3880 aldrmavit,
582 3829 644 3872 euin
658 3827 674 3868 a
691 3812 771 3869 Patro
783 3822 846 3867 anie
858 3810 948 3867 oirinia
962 3809 1036 3877 Filii,
1090 3810 1201 3877 neritia,
1216 3810 1343 3866 nimirum
1356 3810 1464 3881 equalis
1483 3810 1509 3864 iu
1523 3809 1660 3878 erunibus,
1678 3825 1728 3866 nec
1742 3810 1891 3882 subjectam

237 3906 470 3976 nonuiieulicctu,
482 3894 530 3964 sed
543 3909 599 3964 sine
619 3908 772 3964 revelamine
795 3907 944 3978 empireum
968 3905 1038 3960 scri·
1090 3917 1154 3959 mox
1176 3903 1352 3973 praeteriisset
1372 3901 1452 3973 buius
1472 3892 1635 3974 equalitatis
1655 3904 1789 3961 rationem
1802 3920 1809 3957 ε
1824 3903 1892 3970 Quin

237 4003 322 4068 beus;
338 4017 390 4070 qua
405 4017 470 4059 siue
481 4000 596 4059 lormula
609 4000 707 4057 Filium
723 4000 750 4054 in
761 3999 841 4055 Putre
863 3996 948 4053 luisse
972 4010 1038 4052 vere
1091 3995 1170 4052 Peter
1181 3999 1209 4052 iii
1223 3998 1309 4068 ipsum
1328 3998 1410 4051 elium
1424 4014 1451 4053 se
1469 3999 1557 4068 geriuit
1575 4014 1608 4052 ee
1621 4013 1665 4062 se;
1680 3997 1734 4069 jam
1751 4013 1842 4055 verani
1858 4013 1891 4054 ac

239 4093 334 4151 Filium
348 4093 450 4159 docuit,
465 4108 498 4150 ac
517 4091 630 4163 proinde
642 4091 739 4147 Filium
750 4100 819 4158 ectu,
834 4104 887 4144 uon
910 4088 1035 4161 potentin,
1089 4090 1198 4161 proprie
1209 4088 1306 4145 dictam
1327 4090 1529 4159 generationum
1545 4104 1594 4160 pro
1612 4089 1656 4144 illo
1677 4105 1785 4160 quoque
1797 4098 1890 4159 statu,

237 4203 342 4246 necnon
357 4185 455 4244 Filium
469 4202 485 4241 a
500 4186 580 4241 Patre
593 4198 657 4240 vere
676 4183 797 4255 genitum
817 4188 897 4253 atque
922 4179 1035 4237 distinc·
1088 4196 1142 4251 quo
1156 4181 1244 4237 Filius
1259 4182 1285 4237 iu
1299 4181 1382 4237 Patre
1404 4180 1469 4249 luit,
1488 4181 1618 4239 laelliinre
1638 4183 1826 4255 cognovissem
1841 4200 1892 4239 nec

237 4287 308 4348 tuin,
336 4294 417 4351 quem
431 4278 469 4333 uti
483 4276 564 4333 talem
586 4276 667 4332 Pater
687 4274 824 4345 curpleciis
838 4272 891 4328 dici
908 4272 1035 4344 potuerit.
1089 4290 1138 4346 per
1152 4274 1249 4341 verba,
1266 4273 1387 4330 Procedit
1404 4276 1432 4330 in
1446 4276 1622 4343 nudiituieur,
1637 4275 1681 4330 vei
1694 4290 1744 4346 per
1764 4276 1825 4341 iila,
1841 4292 1889 4330 en·

236 4370 279 4428 nb
292 4372 378 4429 alteru
391 4377 482 4427 autem
497 4369 564 4425 satis
577 4381 713 4440 superque
724 4367 851 4438 eavitper
866 4365 923 4432 illa,
938 4363 1037 4436 quibus
1088 4376 1187 4439 tequam
1199 4379 1362 4433 nnscmetur,
1377 4370 1508 4439 primam,
1527 4368 1574 4423 sed
1588 4372 1701 4425 alteram
1716 4370 1859 4441 qunuidam
1875 4385 1890 4424 n

237 4464 361 4523 eumdem
378 4463 489 4522 tradidit
502 4464 591 4534 ssime,
616 4472 763 4535 antequem,
791 4458 910 4516 secunda
932 4459 1038 4515 seilicet
1088 4459 1167 4514 nobis
1182 4460 1344 4530 explicatam
1358 4459 1420 4516 Filii
1437 4460 1605 4518 nativitatem
1617 4502 1625 4529 ,
1639 4475 1701 4532 quse
1712 4463 1808 4532 prium
1824 4462 1890 4519 uibil

237 4557 387 4624 nativitate,
398 4566 557 4622 masuetus,
585 4556 613 4610 iu
638 4555 719 4610 Putre
729 4556 853 4624 equalem
866 4552 893 4607 in
904 4551 1032 4606 omnibus.
1047 4558 1235 4625 Dra-pugnat,
1249 4553 1426 4625 significatam
1442 4553 1629 4610 intellexisset.
1640 4554 1717 4622 Quod
1739 4558 1762 4610 si
1783 4554 1845 4625 quis
1858 4572 1889 4609 ea

237 4646 304 4722 [sci]
313 4647 360 4704 iiis
366 4648 439 4705 enim
449 4646 594 4720 postremis
604 4644 695 4704 verbis
704 4645 738 4702 ad
746 4646 858 4719 primam
866 4646 1034 4701 nativitatem
1090 4647 1191 4702 verba:
1207 4646 1274 4712 Quin
1288 4645 1407 4701 Peterin
1426 4647 1483 4716 ipso
1496 4645 1578 4700 eliiun
1590 4662 1618 4701 se
1636 4647 1723 4718 petiuit
1737 4662 1769 4702 es
1781 4661 1809 4702 se
1827 4661 1890 4701 curn

236 4739 434 4814 pertinentibus
448 4747 476 4796 et
490 4754 507 4794 a
525 4738 636 4796 Petnvio
649 4740 758 4795 omissis
774 4748 953 4810 preterquam
964 4734 1034 4807 quod
1090 4738 1209 4810 reliquis,
1220 4754 1275 4794 riori
1289 4752 1384 4795 eorum
1399 4740 1530 4796 ratiiirieiii
1545 4753 1607 4796 esse
1619 4738 1683 4797 velit
1698 4737 1747 4812 (uti
1760 4754 1810 4795 nus
1823 4742 1888 4796 bae·

236 4833 376 4890 affirmans
401 4830 498 4889 Filium
526 4831 653 4905 cquuitrn
673 4830 758 4897 Petri,
784 4831 938 4886 euiudema
953 4829 1034 4886 Patre
1089 4840 1169 4887 tenus
1181 4832 1416 4903 presunipsiiiius)
1425 4843 1624 4903 postremorum
1636 4833 1780 4889 verborum
1790 4834 1822 4891 ad
1834 4834 1890 4904 pri-

235 4927 393 4986 distinctum
406 4926 526 4983 allirmat
537 4926 631 4999 (nemo
640 4924 713 4981 eniui
727 4924 778 4981 sibi
791 4924 841 4997 ipsi
857 4922 969 4996 aequalis
979 4924 1033 4981 dici

235 5031 334 5093 potest,
351 5037 413 5078 curn
426 5020 565 5092 aequalitas
579 5018 694 5074 alterum
717 5017 871 5075 necessario
893 5017 1031 5088 respiciat)

234 5114 338 5171 adderis
349 5113 463 5171 subinde
477 5111 603 5170 eumdem
617 5110 690 5166 Patri
714 5109 846 5183 aqualem
861 5110 889 5165 iu
903 5110 1030 5177 omnibus,

233 5206 360 5281 prolecto
379 5206 502 5265 eamdem
527 5204 615 5262 Patris
641 5205 820 5261 eternitatem
854 5204 1033 5274 eamdemque

81 5380 84 5387 ,
187 5320 189 5325 ’
234 5300 412 5363 substamiam
436 5298 507 5354 Filio
528 5297 670 5363 vindicat,
695 5297 756 5352 sinc
774 5294 871 5367 quibus
892 5295 936 5351 bic
957 5294 1030 5350 Patri

233 5392 381 5466 aequalisin
395 5389 512 5445 omnibus
525 5404 581 5445 nou
591 5388 695 5444 luisset.
708 5387 779 5456 Quin
793 5402 855 5442 curn
871 5385 914 5443 bic
925 5386 1033 5441 Ariairac

233 5485 431 5559 controversiae
444 5497 543 5554 scopus
553 5490 582 5538 et
593 5490 674 5555 caput
686 5488 768 5545 essct,
783 5479 813 5536 S.
824 5477 909 5546 zeno,
926 5493 960 5534 ue
972 5479 1033 5549 quis

234 5579 331 5638 suade
345 5576 480 5636 sententia
498 5584 591 5647 posset
610 5573 760 5647 ambigere,
786 5572 948 5643 locupletem
962 5570 1033 5628 banc

1088 4940 1160 4980 mam
1182 4924 1369 4997 occultamque
1391 4924 1453 4981 Filii
1480 4926 1647 4983 nativitatem
1671 4926 1887 4997 pertinentium:

1088 5016 1172 5085 Erat,
1187 5027 1325 5089 unuquem
1344 5028 1492 5073 nosceretur
1503 5019 1531 5073 iit
1543 5017 1624 5074 Putre
1644 5018 1753 5089 equalis
1767 5019 1794 5073 iu
1806 5021 1889 5074 onuii·

1087 5113 1154 5178 lius;
1169 5113 1217 5169 sed
1232 5111 1339 5169 illorum
1352 5111 1476 5168 Procedit
1488 5114 1516 5168 in
1536 5114 1711 5181 mrioitnrcm,
1733 5113 1760 5169 iu
1774 5111 1888 5169 alteram

1086 5204 1207 5270 seilicet,
1229 5219 1282 5275 qua
1304 5204 1390 5261 Filius
1412 5205 1438 5262 iu
1458 5204 1571 5262 creandi
1592 5204 1667 5261 urbis
1690 5204 1833 5261 eonsilium
1854 5220 1888 5261 eis

1086 5310 1149 5362 ore,
1163 5295 1208 5351 vei
1222 5296 1304 5353 corde
1316 5296 1405 5353 Patris
1418 5299 1584 5367 processisse
1595 5294 1703 5352 duobus
1715 5295 1776 5351 aliis
1789 5304 1888 5352 tracta·

1086 5388 1157 5445 tibus
1171 5389 1189 5444 d
1203 5398 1231 5444 et
1251 5390 1268 5446 5
1283 5389 1418 5446 traditur:
1433 5404 1495 5446 cum
1515 5391 1599 5461 prima
1614 5390 1660 5446 iila
1680 5390 1807 5447 nativitas
1828 5391 1888 5447 aliis

1085 5494 1118 5536 es
1132 5479 1223 5537 verbis
1234 5479 1346 5537 deleusa
1366 5485 1434 5538 satis
1457 5480 1554 5550 luerit,
1566 5483 1593 5538 id
1607 5482 1674 5540 nibil
1685 5483 1820 5551 offendet,
1832 5483 1887 5538 iuro

1086 5587 1153 5629 vero
1165 5571 1265 5629 latebit
1279 5573 1365 5629 multo
1378 5575 1478 5646 magis;
1494 5574 1583 5644 palam
1610 5577 1682 5632 enisu
1696 5577 1744 5633 liet
1762 5576 1887 5633 eumdem

234 5681 347 5732 assertae
368 5669 530 5742 aeqrialitatit
549 5666 682 5724 rationem
703 5665 793 5722 statim
821 5664 940 5735 adjecit:
964 5662 1032 5730 Qiiic
1085 5662 1184 5722 Filium
1198 5706 1205 5732 ,
1220 5672 1300 5737 quein
1312 5679 1346 5722 es
1359 5666 1446 5736 prima
1467 5665 1512 5722 ilio
1533 5666 1674 5725 nativitate
1695 5683 1749 5725 nou
1762 5670 1887 5724 miuusa

234 5767 315 5826 Peter
327 5770 355 5824 iii
369 5765 454 5845 ipsum
468 5765 548 5820 utiiiui
562 5779 590 5819 se
602 5763 689 5837 petiuit
711 5777 743 5817 cc
762 5775 800 5832 se,
828 5775 860 5816 ec
883 5759 1031 5840 inedicibili
1085 5759 1165 5816 Patre
1178 5759 1351 5829 distinctum,
1374 5774 1454 5831 quani
1479 5761 1603 5834 uqrieleiu
1624 5758 1653 5817 in
1672 5762 1789 5818 omnibus
1812 5761 1888 5821 Patri
