4142 6175
288 272 357 333 1151
618 271 833 334 uonbnbttrn
851 272 1131 336 cabibncmtsttst
1150 273 1358 338 cobbbntbttl
1376 274 1608 337 sustentent.
1864 276 1930 336 titt

288 391 387 451 uncos
408 406 441 449 ss
459 404 541 465 prena
559 398 587 448 et
610 390 820 464 proscriptionis
841 400 870 448 et
889 391 1030 465 maquinis
1041 431 1050 458 ,
1063 391 1189 457 siAdss
1202 407 1263 450 esse
1276 407 1331 451 non
1353 392 1493 465 ambiqant
1514 390 1599 465 :quis
1612 389 1678 449 lerri
1699 403 1754 448 non
1772 396 1881 462 potest.
1900 399 1928 449 ut

288 488 360 545 ultra
372 486 522 544 conuenire
535 499 586 558 per
598 485 737 558 publicum
750 485 899 544 exercendi
917 486 1030 544 sceleris
1045 487 1087 544 sui
1139 486 1186 559 qui
1206 500 1256 543 nec
1274 486 1399 559 proprias
1411 483 1515 542 babere
1533 483 1701 552 debuerunt,
1717 482 1752 540 ab
1769 480 1930 540 orthodoxis

289 579 444 637 temeritate
459 579 645 636 tentaverint:
669 594 705 637 ne
718 596 771 652 qus
792 596 857 638 nera
871 579 1018 653 diuinaque
1044 596 1089 639 re-
1140 591 1297 651 possessus,
1310 587 1358 635 snt
1371 578 1513 648 conditas,
1530 591 1634 650 susque
1646 575 1802 635 temeritate
1812 576 1928 646 invasa,

288 673 410 731 verentia
434 673 598 746 contagione
623 682 781 731 temeretur.
811 674 873 731 bat.
902 691 950 733 utu
976 675 1086 734 kalend.
1140 671 1212 727 ultre
1232 669 1382 728 detineant.
1397 669 1427 727 2'
1442 654 1526 737 11111,
1546 668 1694 727 1111111101
1714 666 1929 739 1111111111111

290 763 367 837 Sept.
388 764 509 824 Honorio
522 781 551 836 ι,
566 775 593 823 et
606 764 711 824 Tbeod.
727 782 767 836 vr,
782 766 839 824 ab.
854 779 926 825 coss.
1140 763 1353 832 concoquetur
1366 762 1418 834 ipsi
1439 762 1594 831 estimant,
1609 762 1774 828 mendum,
1796 760 1890 817 decent
1901 760 1930 816 ii·

1143 855 1253 913 brarum
1265 856 1325 913 auri
1340 856 1451 925 mulcta,
1466 871 1517 929 per
1528 856 1661 929 singulos,
1673 856 1708 912 sb
1721 871 1755 913 eo
1768 854 1816 927 qui
1830 854 1931 923 iecerit,

523 917 593 959 ΜΟ
610 901 708 959 ⁰⁰¹¹⁸¹
726 916 869 960 ccccm
1141 955 1172 1003 el
1188 947 1234 1018 qni
1250 945 1309 1003 lleri
1329 961 1426 1019 passus
1448 948 1484 1004 sit
1497 964 1505 1002 ι
1518 946 1562 1004 ιοΙ
1575 947 1598 1003 si
1618 954 1807 1018 paupertatem
1824 954 1932 1016 preten-

328 1037 477 1096 xxxviii.
503 1039 575 1096 Lux
593 1038 662 1098 itte.
684 1040 868 1099 THEODOSI!
886 1041 1052 1100 tutilonis.
1143 1037 1226 1105 dant,
1238 1038 1272 1096 de
1282 1039 1422 1096 communi
1431 1024 1593 1098 clericorum
1604 1038 1726 1111 ejusdem
1737 1038 1932 1110 superstitionis

292 1169 319 1210 ,Ν
332 1170 385 1220 0,,
399 1170 483 1211 mm
501 1170 659 1213 „mmm
674 1172 769 1223 umus
785 1173 908 1225 ,mmm
927 1174 954 1215 m
975 1159 1092 1216 Romo
1144 1144 1273 1201 corpore,
1287 1130 1331 1187 uel
1345 1132 1429 1187 etiam
1443 1129 1565 1186 donariis
1575 1130 1654 1201 ipsis,
1666 1139 1774 1186 extorts
1789 1140 1884 1185 nostro
1896 1128 1934 1185 in·

327 1262 394 1306 sono
414 1263 593 1305 conuenissent
613 1263 765 1315 ornantque
785 1265 870 1309 uncus
898 1266 1084 1318 nectnoutron
1146 1221 1247 1278 ‘mm'
1259 1220 1368 1278 ³³⁶⁰·
1382 1220 1411 1277 5⁰
1424 1221 1490 1279 ¹³⁰³
1503 1222 1572 1287 ω’
1587 1220 1715 1294 ‘¹⁰⁰¹'i'm
1729 1236 1783 1277 ¹¹⁰⁸
1795 1236 1883 1276 ‘'m“
1896 1237 1934 1276 “⁴

329 1357 531 1399 „mmm
550 1346 723 1400 „mmm
1147 1313 1206 1368 mm
1220 1314 1371 1369 austeritate
1384 1313 1515 1386 plectendi
1526 1323 1604 1380 sunt,
1619 1313 1729 1371 Arianis
1744 1312 1855 1385 quidem
1866 1354 1874 1379 ,
1887 1313 1935 1369 its·

1146 1405 1305 1463 cedonisnis
1317 1415 1346 1462 et
1356 1406 1576 1478 apollinarianis,
1587 1420 1702 1475 quorum
1711 1406 1765 1462 boc
1774 1414 1820 1462 est
1829 1404 1934 1473 lacinus,

297 1556 301 1563 ,
572 1480 726 1557 (1111·ιῆ
743 1479 809 1552 651
1147 1498 1220 1571 quod
1234 1497 1343 1556 nocenti
1359 1496 1536 1555 meditatione
1551 1496 1676 1569 decepti,
1697 1496 1815 1555 eredunt
1827 1495 1862 1553 de
1875 1498 1937 1552 ren·

330 1598 360 1654 1·
380 1595 576 1653 llereticorum
598 1595 638 1652 ita
661 1605 705 1653 est
725 1596 900 1668 reprimenda
922 1595 1047 1664 insania,
1068 1601 1099 1651 ut
1148 1590 1213 1647 tatis
1229 1588 1304 1647 ionte
1329 1588 1487 1657 mendacis,
1503 1588 1575 1645 intra
1590 1589 1691 1645 nuliam
1705 1588 1846 1645 ciuitatem
1861 1589 1937 1645 eccle·

294 1698 360 1748 ante
372 1691 463 1747 omnia
476 1703 544 1762 quas
556 1688 591 1746 ab
602 1688 769 1746 orthodoxis
782 1690 911 1760 abreptas
925 1695 1022 1747 tenent
1035 1686 1098 1744 ubi·
1152 1682 1221 1738 siam
1237 1679 1339 1739 babere
1351 1681 1442 1738 liceat.
1459 1679 1618 1738 Norntianis
1633 1689 1723 1737 nutent
1738 1689 1768 1738 et
1777 1679 1937 1737 Sabbatianis

295 1798 411 1856 euntque
424 1780 572 1851 Ecclesias,
588 1782 679 1841 statim
692 1780 833 1839 catholice
844 1781 976 1839 Ecclesia
987 1779 1096 1837 traden·
1109 1765 1134 1827 B
1147 1775 1239 1833 onustis
1252 1774 1435 1832 innovationis
1448 1774 1582 1841 adimatur
1597 1773 1724 1844 licentia,
1737 1774 1761 1830 si
1778 1788 1862 1846 quam
1876 1770 1937 1830 lorte

802 1896 922 1955 tuconi
939 1891 1164 1956 conseruent
1182 1888 1466 1951 COMMENTARIUS.

295 2005 389 2060 caeso,
404 1993 449 2063 eju
484 1992 616 2065 neqestis
639 1992 783 2049 infirmatis
798 1992 826 2047 tl.
849 1992 868 2047 l.
885 1991 935 2057 15,
957 1988 1091 2047 memoria
1143 1993 1190 2046 sis
1209 1985 1318 2048 oinos.
1337 1990 1380 2042 noi
1396 1985 1852 2063 iiosntizomloiliosoolialdo
1871 1984 1935 2060 εἶχον

275 2062 423 2133 privatim
435 2079 470 2133 ptt
491 2063 543 2118 lice
556 2063 659 2119 aboleri
669 2062 755 2134 jussa,
772 2061 920 2117 Donatistae
937 2070 965 2117 et
976 2076 1036 2117 earn
1051 2059 1091 2116 si·
1145 2058 1169 2110 is
1182 2063 1236 2118 τοῖς
1256 2057 1282 2110 is
1294 2054 1470 2116 Ἑλλησπόιτω
1490 2062 1593 2138 ἀγροῖς.
1616 2058 1763 2115 Ortbodooi
1785 2059 1881 2122 nonni,
1894 2060 1933 2113 iu·

296 2132 353 2187 mul
367 2131 474 2203 legem,
498 2148 559 2203 quae
580 2134 614 2190 ad
631 2133 819 2190 Heraclianum
833 2131 899 2189 olim
925 2140 990 2189 sate
1011 2131 1092 2198 quin·
1145 2129 1206 2210 quit
1236 2124 1424 2191 noscerimus,
1448 2116 1697 2187 Macedoniensem
1716 2131 1850 2186 octenae
1869 2139 1933 2185 estes

296 2205 443 2272 quennium
457 2216 530 2258 enno
541 2202 605 2269 tto,
620 2204 751 2260 aduersus
763 2217 794 2259 se
808 2203 862 2259 ista
877 2203 983 2268 iuerat,
998 2201 1090 2269 idest,
1145 2197 1215 2253 urbs
1237 2213 1325 2253 neuros
1338 2200 1449 2268 positam
1467 2201 1646 2271 abstulerunt,
1662 2204 1810 2274 qnoniam,
1823 2213 1875 2256 etc.
1889 2200 1931 2257 Se

297 2272 387 2345 legem
408 2273 454 2334 51.
481 2273 584 2344 pariter
610 2271 799 2330 infirmandam
814 2285 841 2330 et
855 2271 1092 2399 infirmatamd‘ac·
1145 2267 1352 2351 cundauelassis
1379 2272 1569 2329 baereticorum
1591 2283 1650 2340 est,
1671 2287 1766 2329 eorum
1788 2286 1856 2342 quos
1878 2272 1930 2328 susis

298 2354 372 2400 tasse
387 2342 535 2400 sidentur:
562 2343 635 2400 baud
652 2345 732 2401 aliter
753 2355 834 2415 atque
857 2353 932 2415 qesta
950 2345 1000 2400 sub
1045 2358 1090 2399 ar·
1145 2340 1269 2394 ecclesus
1288 2347 1431 2397 contentos
1443 2357 1505 2399 esse
1521 2343 1615 2414 jubes,
1630 2359 1720 2413 neque
1737 2343 1804 2399 alias
1817 2342 1851 2399 de
1864 2357 1931 2400 noro

297 2413 397 2469 oebino
412 2423 472 2479 post
483 2414 543 2484 ejus
554 2424 669 2472 mortem
685 2416 759 2471 irrita
768 2414 916 2486 jactabunt.
932 2416 1022 2484 erare
1036 2414 1093 2470 iio-
1142 2409 1280 2466 odiumne
1303 2409 1384 2483 (puta
1414 2411 1595 2481 Narrationes,
1611 2414 1816 2486 sabbatianos.)
1844 2413 1928 2470 Tenis

298 2486 393 2540 nonius
405 2486 539 2541 recentati
555 2483 624 2542 bsnc
639 2487 725 2558 leqem
740 2487 822 2542 uoluit
839 2496 866 2542 et
882 2487 908 2541 in
923 2485 1011 2542 sirica
1044 2498 1091 2540 ro·
1142 2481 1239 2537 classis
1252 2489 1295 2537 est
1311 2496 1408 2540 eornm
1425 2485 1524 2554 quibus
1547 2501 1680 2558 nusquam
1696 2488 1723 2542 in
1736 2484 1860 2541 nomam
1876 2484 1928 2539 snio

297 2554 378 2626 puni.
393 2571 458 2611 cum
471 2556 565 2612 eadem
580 2557 757 2627 inscriptione
769 2558 803 2612 ad
818 2555 1004 2613 Heraclianum
1037 2571 1089 2609 om.
1142 2550 1323 2608 conveniendi
1338 2556 1505 2625 orandique,
1526 2573 1615 2628 neque
1638 2557 1666 2613 iu
1685 2558 1759 2628 agris
1781 2557 1927 2613 laenitatem
2016 2566 2017 2611 t

298 2624 414 2697 disice,
433 2636 463 2682 ιιι
476 2626 513 2682 ita
528 2627 676 2684 Donatistis
699 2628 834 2697 liqueret,
850 2628 999 2697 quemlibet
1015 2626 1092 2681 inllr·
1142 2618 1245 2679 babere
1254 2621 1343 2692 jubet.
1359 2625 1499 2683 Postrema
1526 2630 1554 2684 in
1579 2629 1668 2685 classe
1692 2637 1757 2684 sunt
1774 2627 1927 2694 bisnicbei,

298 2697 379 2752 utatis
388 2696 450 2752 aliis
468 2698 520 2754 sub
535 2699 695 2755 lieraclisno
714 2699 815 2770 gestis,
830 2699 944 2770 eiusque
958 2698 1091 2754 memoris
1141 2706 1210 2775 quos
1231 2697 1313 2749 ctiam
1337 2696 1492 2756 ciuitatibus
1516 2699 1614 2770 expelii
1636 2698 1724 2771 jubet.
1752 2697 1832 2757 Unde
1853 2698 1928 2769 liquet

297 2765 424 2837 privatim
442 2770 550 2839 publice
564 2769 664 2826 abolita
675 2769 739 2826 dict.
755 2770 774 2825 l.
788 2770 838 2837 15,
855 2786 909 2825 non
923 2769 984 2825 ideo
1000 2778 1090 2824 nmen
1142 2771 1236 2829 ettam,
1254 2764 1418 2824 lenissimam
1432 2767 1641 2827 Notatianorum
1666 2781 1694 2827 et
1708 2770 1927 2827 sabbatianorum

298 2851 359 2894 uem
373 2837 455 2911 leqem
465 2839 512 2906 51,
528 2840 690 2896 infirmatum
702 2859 709 2897 ι
723 2841 893 2912 multumque
903 2840 1036 2896 interesse
1052 2841 1093 2893 in·
1142 2832 1328 2892 conditionum
1344 2854 1352 2903 ;
1366 2840 1557 2909 [crassissimam
1571 2842 1784 2899 blatticbseurum
1795 2841 1926 2896 constitui.

299 2916 387 2973 terea
399 2924 461 2980 quae
474 2909 533 2981 ipse
555 2911 703 2983 gessisset,
719 2912 761 2967 rei
776 2913 858 2967 etiam
879 2925 896 2967 a
911 2910 1024 2982 peitatis
1041 2909 1091 2965 sub
1143 2902 1246 2987 ilempe
1260 2906 1404 2966 Nouatisni
1417 2920 1445 2967 et
1456 2912 1612 2971 Sabbatiani
1627 2915 1742 2970 irtelioto
1752 2928 1863 2985 semper
1876 2911 1928 2967 loro

298 2993 333 3034 eo
345 2992 430 3050 qesta,
446 2994 462 3035 a
477 2982 593 3052 publicis
605 2991 687 3053 atque
697 2983 879 3053 imperatoriis
892 2981 995 3054 gestis,
1008 2991 1093 3049 atque
1143 2983 1216 3031 tuter
1228 2975 1371 3036 bereticos
1383 2981 1468 3039 babiti
1483 2983 1559 3041 inere
1580 3003 1588 3040 t
1608 2985 1643 3042 dc
1655 3000 1709 3056 quo
1721 2983 1777 3040 disi
1803 2984 1881 3054 plene
1899 2981 1928 3036 ad

299 3049 369 3107 adeo
383 3052 631 3135 'constitutionibus
649 3052 684 3137 ad
707 3069 769 3110 euru
788 3051 899 3137 directis
919 3069 929 3138 ι.
944 3053 1045 3122 pariter
1064 3058 1093 3107 ut
1144 3045 1163 3101 1·
1184 3062 1227 3129 ¹1¹,
1250 3056 1275 3103 11
1299 3048 1335 3135 bb
1362 3053 1445 3138 eliam
1470 3071 1504 3113 er
1529 3055 1643 3113 ὃοοιιιο
1666 3062 1695 3113 et
1713 3055 1876 3140 sozomeno.
1898 3054 1929 3111 it

297 3116 1130 3265 recutiebattrististristisiiiii.⁰
1146 3120 1929 3274 iiii.iiiibitiiiitit.atii{.iqit⁰.i¹²li.i

299 3276 476 3321 monumenta
492 3270 620 3323 translata
639 3277 797 3338 perpetuam
838 3266 974 3322 rmitatent
995 3264 1096 3321 babere
1147 3260 1241 3316 dostus
1259 3260 1356 3321 iunior
1376 3267 1402 3322 in
1418 3267 1529 3326 Novella
1544 3286 1593 3327 sut
1611 3270 1646 3325 dc
1659 3269 1879 3327 lunnissrers.
1890 3280 1930 3321 su·

299 3333 1097 3408 notuit.stonenseinterpretationememendationenac
1149 3339 1241 3402 peresi
1255 3330 1310 3389 Deo
1330 3353 1383 3391 sem
1403 3354 1431 3394 ee
1451 3339 1582 3408 offensos,
1596 3340 1631 3397 de
1650 3356 1706 3411 quo
1721 3341 1776 3396 dixi
1799 3340 1835 3394 ad
1858 3339 1877 3394 1.
1899 3337 1927 3403 l,

298 3404 344 3460 lex
354 3404 464 3463 delendi
486 3418 585 3479 potest.
602 3406 653 3465 Ubi
674 3408 757 3465 etiam
783 3407 1004 3475 observandum,
1029 3405 1097 3461 itiitil
1148 3410 1177 3456 et
1205 3403 1227 3459 1.
1255 3403 1292 3487 5,
1316 3354 1406 3472 1,11
1435 3411 1577 3479 apostatis.
1606 3410 1734 3469 Secundo
1761 3411 1927 3472 obsecretur,

298 3474 353 3544 ism
369 3477 420 3532 bac
439 3477 758 3551 trqosqtqquodtsmen
774 3480 865 3548 agitur
886 3479 913 3533 in
932 3476 1098 3549 1111151)
1149 3470 1288 3531 Castreust
1319 3491 1368 3534 seu
1386 3490 1490 3538 arntata
1521 3483 1617 3539 militia
1638 3483 1781 3540 lrasreticos
1803 3490 1834 3538 el
1852 3481 1878 3537 in
1894 3478 1929 3534 bis

300 3544 335 3599 de
349 3548 460 3604 oraculo
483 3549 656 3614 intirmsntlo,
671 3563 725 3622 qno
740 3548 890 3604 Donatistae
903 3546 937 3602 ad
951 3548 1021 3603 ritus
1032 3561 1098 3602 suos
1151 3543 1335 3603 bursosnianos
1369 3564 1423 3607 non
1455 3554 1595 3620 interdici3
1625 3563 1653 3608 et
1676 3553 1822 3627 synesium
1851 3564 1929 3608 mmet

299 3614 488 3688 obrepserant.
503 3616 661 3691 Cuiusmodi
675 3633 742 3676 sane
756 3620 807 3674 bsc
820 3625 982 3689 tempestate
993 3617 1097 3675 nulium
1149 3617 1281 3697 conqueri
1300 3617 1423 3677 ridemus
1436 3625 1514 3694 epist.
1525 3626 1560 3693 1,
1580 3626 1613 3681 de
1638 3623 1870 3680 Eunomianorum
1888 3621 1930 3677 nti·

299 3699 460 3746 emerserat.
475 3690 564 3763 Atque
577 3690 629 3746 lton
640 3691 711 3747 inter
725 3690 796 3746 banc
811 3702 839 3745 et
853 3689 926 3745 illam
938 3689 1098 3746 discrimen.
1150 3684 1218 3741 liba.
1233 3684 1305 3745 Sane
1316 3690 1413 3747 borum
1427 3704 1579 3764 temporum
1591 3695 1686 3752 militia
1696 3707 1812 3758 srmsta,
1828 3694 1861 3749 sd
1875 3694 1931 3748 trib-

335 3759 427 3830 nsque
439 3760 570 3818 hactenus
590 3761 702 3818 lionorii
719 3763 785 3833 imp.
800 3760 1012 3818 constitutiones
1031 3778 1040 3815 ι
1056 3774 1101 3816 se·
1150 3757 1270 3815 cettsnea
1281 3761 1369 3817 omnis
1396 3767 1488 3822 esteris
1501 3766 1639 3823 bominum
1653 3767 1738 3834 uenit,
1751 3766 1929 3825 barbarorum,

300 3839 419 3902 quuutur
432 3831 580 3889 Titeodosii
589 3833 654 3891 ltin.
668 3842 697 3890 et
709 3833 892 3890 Valentiniani
904 3831 949 3889 111.
1103 3871 1106 3877 .
1153 3826 1356 3889 hereticorum.
1371 3777 1465 3892 'fertio
1479 3838 1649 3903 observetur,
1662 3836 1799 3894 tremoris
1810 3834 1929 3900 donandi,

601 3967 607 3979 .
972 3968 978 3980 ,
1038 3969 1044 3980 ,
1153 3900 1270 3956 testandi
1292 3901 1429 3961 incertas
1449 3909 1643 3980 personasjns
1663 3922 1824 3965 concessum
1848 3908 1928 3962 luisse.

243 3989 249 3996 .
324 3961 1101 4036 xxxviii.lnbmrettcosetbaereses.qnarnmutqinntres
1153 3969 1282 4038 Quuenam
1296 3988 1361 4030 sero
1374 3991 1499 4044 pomonae
1512 3979 1567 4034 511ae
1588 3981 1658 4045 sqq,
1672 3980 1737 4035 qpqqq
1759 3996 1813 4032 ,οη
1832 3990 1930 4049 expres.

301 4033 345 4092 bic
361 4036 502 4102 nominat,
516 4043 559 4093 est
570 4036 628 4091 tior
638 4037 803 4103 amplissima
813 4033 959 4089 'lbeodnsii
980 4037 1102 4095 luniorts
1152 4054 1224 4094 stim.
1235 4039 1339 4110 Qtrsrto
1353 4056 1470 4113 coutetur,
1485 4048 1622 4106 intersticio
1633 4047 1790 4107 Catboiicos
1805 4058 1836 4105 nt
1847 4060 1930 4105 serres

300 4106 463 4164 constitutio
479 4125 487 4164 :
503 4108 565 4164 dstu
578 4106 633 4164 line
643 4107 747 4163 mensis
757 4104 820 4161 iiaii
835 4120 908 4161 anisio
918 4105 951 4159 b.
971 4105 1036 4174 sis,
1048 4125 1100 4178 qus
1153 4109 1254 4167 babere
1272 4129 1444 4187 quocumque
1457 4120 1534 4176 titulo
1554 4124 1736 4190 perstrictitur,
1749 4121 1786 4175 ita
1806 4119 1930 4194 mysteriis

300 4193 362 4234 cum
393 4180 522 4256 pleraque
544 4178 727 4235 anterioribus
753 4175 995 4234 coststitntinnibus
1022 4189 1101 4236 cauta
1152 4179 1209 4236 suis
1223 4182 1379 4254 imbuendi,
1395 4188 1438 4244 uel
1454 4190 1617 4260 probibendi
1635 4207 1684 4248 eos
1704 4191 1863 4248 catlsolicstn
1875 4190 1931 4247 reli·

300 4260 479 4317 repetantur,
502 4264 535 4307 nc
549 4250 709 4307 nosrtismtim
730 4249 948 4303 cuniirntentur:
964 4249 1034 4306 nibil
1057 4258 1100 4305 at·
1152 4252 1260 4323 pionem
1274 4257 1367 4327 sequi,
1380 4272 1486 4326 qtoenatn
1498 4262 1573 4317 exilii
1588 4273 1614 4317 et
1629 4263 1664 4320 lb
1677 4262 1805 4318 librarum
1820 4264 1873 4318 nitri
1887 4266 1931 4314 iot·

300 4323 369 4377 tinet
390 4337 423 4377 en
437 4322 576 4391 sigillatim
599 4320 756 4403 expendere
772 4335 778 4370 :
795 4320 947 4402 prasertim
965 4334 1028 4376 cum
1042 4325 1101 4388 eius
1153 4325 1227 4393 poni.
1245 4330 1279 4380 at
1289 4329 1362 4383 enim
1374 4328 1468 4389 lttdcco
1483 4349 1571 4404 neque
1583 4332 1768 4390 Christianum
1777 4333 1929 4403 tusttcipiotn

300 4394 390 4461 capita
415 4401 444 4448 et
471 4392 621 4448 sententias
645 4392 702 4460 iarn
724 4405 753 4445 m
782 4401 857 4444 notis
880 4388 1097 4449 distinxerimus.
1153 4407 1261 4464 quoquo
1274 4396 1354 4454 titulo
1368 4398 1469 4458 bebere
1484 4404 1577 4471 licuit,
1590 4416 1619 4462 et
1635 4405 1662 4459 id
1681 4406 1871 4474 superstitione
1889 4416 1930 4457 stu

299 4460 392 4531 Quare
415 4463 562 4543 sinqttlaria
581 4470 695 4544 mnium·
709 4460 833 4532 quiedam
849 4459 876 4515 in
898 4474 930 4517 ea
946 4475 1017 4517 nuuc
1039 4477 1137 4559 see-D
1154 4463 1284 4547 imbttenti
1295 4469 1410 4553 capitale
1431 4469 1481 4529 luit
1497 4492 1505 4528 :
1521 4482 1551 4531 ut
1572 4474 1681 4532 docebit
1705 4474 1781 4532 titulo
1802 4493 1834 4530 ne
1852 4474 1931 4531 ctos-

300 4531 905 4596 tabor.i’nntnmeostotabtltsestbrecier,
922 4531 995 4601 quod
1005 4531 1097 4588 'ibeo-
1149 4543 1247 4592 ttnnons
1279 4555 1392 4613 mancip.
1422 4540 1488 4599 lod.
1513 4544 1683 4602 Postremum
1709 4555 1834 4611 notetur,
1856 4545 1931 4617 judici
1972 4599 1975 4606 ,

301 4603 394 4660 dusius
419 4601 483 4659 lun.
507 4603 645 4659 toneneas
662 4619 713 4658 non
727 4618 814 4658 omnes
836 4600 926 4655 eodeni
947 4604 1097 4659 austeritate
1166 4619 1244 4664 cenas
1256 4607 1343 4679 legent
1357 4627 1445 4684 neque
1457 4616 1630 4673 dissimulare
1657 4632 1746 4689 neque
1761 4617 1867 4674 mollire
1879 4617 1931 4671 sine

300 4674 465 4747 plectendos,
480 4674 530 4731 ait.
541 4673 619 4743 Quod
634 4675 661 4729 in
675 4682 837 4756 arqtsmento
850 4672 884 4728 de
898 4672 1096 4755 berenicisnse·
1147 4620 1242 4734 1111111
1254 4680 1336 4737 licere
1352 4700 1359 4737 ι
1375 4685 1418 4740 coi
1430 4688 1553 4757 cuttpruit
1566 4697 1595 4743 et
1609 4658 1660 4743 teo.
1674 4690 1763 4758 8sup.
1778 4688 1811 4744 de
1822 4688 1931 4761 sppsiia·

300 4745 367 4801 dolo
380 4744 598 4813 obseruandum,
613 4754 643 4802 et
655 4760 720 4800 uero
732 4759 766 4800 ex
781 4746 860 4813 butus
877 4744 947 4799 tittrir
960 4754 1095 4800 consutu-
1147 4747 1278 4816 tionibus,
1294 4751 1314 4805 l.
1330 4752 1414 4808 ultim.
1429 4771 1504 4828 supr.
1525 4758 1560 4812 od
1582 4757 1615 4814 1..
1630 4759 1688 4814 lul.
1715 4758 1747 4813 de
1763 4758 1798 4815 Vi
1810 4761 1880 4831 psit.
1892 4773 1930 4813 ses

300 4817 375 4871 tinne
399 4818 499 4884 passim
522 4814 549 4872 id
565 4818 653 4886 ipsum
668 4815 811 4872 discimus.
830 4812 1000 4869 Theudosius
1021 4823 1096 4872 certe
1147 4818 1166 4872 1.
1183 4834 1229 4875 utri
1243 4817 1307 4876 Cod.
1324 4826 1382 4879 end.
1400 4825 1579 4898 Symmacbus
1597 4828 1664 4884 libro
1678 4839 1791 4884 moenio
1803 4832 1876 4901 epist.
1890 4845 1931 4884 es·

300 4887 350 4939 linc
362 4887 412 4957 leq.
429 4886 490 4942 ideo
508 4896 624 4956 quatuor
637 4898 667 4941 nt
680 4886 868 4941 lucereticnrnm
886 4886 1006 4952 classes,
1021 4886 1057 4940 ita
1068 4896 1097 4943 et
1147 4898 1239 4944 trenta.
1262 4892 1322 4947 Alio
1343 4907 1381 4949 cst
1393 4895 1507 4953 conditio
1523 4889 1734 4971 tloqtsnomm,
1749 4917 1858 4970 quorum
1878 4915 1930 4954 eor·

300 4969 441 5027 poenarum
452 4956 553 5027 prades
566 4958 717 5013 cstnslituit.
731 4957 819 5012 Prima
828 4956 924 5012 classis
933 4963 1093 5024 esteorum,
1146 4970 1230 5030 ruptae
1242 4961 1361 5021 uidentur
1373 4982 1428 5021 esse
1441 4971 1583 5037 sententio,
1596 4972 1620 5025 si
1630 4972 1682 5025 sint
1694 4971 1795 5045 leuibus
1807 4973 1931 5028 minoren

299 5026 398 5109 quibus
412 5027 483 5085 intra
496 5030 621 5086 ciuitates
635 5037 740 5085 tuntum
757 5043 809 5083 uon
824 5028 851 5083 in
876 5026 950 5097 agris
962 5026 1093 5083 eeclesia·
1146 5032 1199 5083 olio
1213 5028 1377 5089 dontinorom
1394 5040 1541 5107 principum
1560 5050 1693 5113 potestus,
1708 5059 1772 5114 quos
1791 5042 1860 5098 decet
1870 5042 1931 5097 acri-

299 5113 360 5154 rum
372 5112 417 5167 qus
431 5097 536 5156 adimit.
552 5101 611 5169 Quo
625 5099 653 5156 in
668 5115 752 5158 censu
768 5098 844 5168 ponit
857 5108 912 5153 tres
926 5095 976 5152 bus
991 5115 998 5151 ε
1012 5096 1093 5153 Aria·
1145 5099 1259 5155 moniam
1271 5107 1351 5161 noers·
1360 5108 1427 5173 ioris
1441 5111 1571 5181 innocens
1585 5128 1595 5166 .·
1611 5110 1665 5170 uid.
1680 5124 1709 5169 er
1720 5113 1860 5170 Nouellum
1873 5113 1930 5168 iss-

299 5182 370 5230 nos,
393 5165 593 5227 biosedonionos
613 5172 677 5229 etti
696 5171 884 5226 ollinoriaaost
900 5182 958 5224 sum
979 5169 1095 5240 proinde
1144 5173 1192 5225 lin.
1209 5170 1254 5238 81,
1270 5174 1383 5241 Quinctil.
1398 5179 1496 5236 declam
1510 5182 1561 5246 17.
1580 5182 1634 5239 515
1668 5184 1688 5240 1.
1702 5200 1738 5240 xe
1761 5208 1789 5242 o.
1806 5182 1929 5241 odosm·

298 5238 423 5322 quaedam
438 5241 486 5321 'bis
498 5243 624 5304 ecciesiae
642 5259 658 5297 a
677 5190 832 5298 {beodosio
846 5242 894 5295 bue
916 5241 940 5293 le
960 5279 966 5292 .
991 5240 1093 5296 relietae
1145 5243 1225 5306 cipol.
1240 5245 1310 5310 Quid
1332 5249 1467 5321 estigitur
1486 5253 1557 5320 «quod
1572 5223 1748 5324 Augustinus
1760 5258 1787 5311 in
1806 5259 1879 5326 epist.
1899 5252 1929 5309 sl

298 5322 375 5365 estro
393 5320 528 5367 ciuitates.
543 5313 618 5378 Quod
631 5314 714 5370 etium
730 5310 859 5367 discimus
873 5311 908 5366 do
953 5309 1097 5366 medonis·
1146 5311 1328 5371 Marcellinum
1343 5317 1414 5388 158,
1429 5322 1524 5377 scribit
1538 5341 1546 5376 ;
1561 5321 1641 5379 Soleo
1656 5327 1724 5380 enirn
1744 5327 1835 5382 andire
1850 5329 1877 5382 in
1888 5340 1930 5397 po·

300 5383 356 5445 nis,
371 5397 404 5436 ex
417 5380 451 5435 iis
470 5394 531 5452 quse
545 5396 617 5435 antro
642 5383 765 5454 prosimu
779 5381 832 5438 119
844 5423 853 5448 ,
866 5380 1006 5451 contigere
1029 5382 1093 5438 :Eo
1145 5391 1235 5439 testate
1255 5402 1309 5442 esse
1317 5390 1418 5462 judicis
1440 5393 1545 5449 mollire
1563 5398 1715 5450 senteutiam
1738 5399 1860 5453 sterilius
1880 5399 1930 5452 siu·

299 5451 403 5507 scilicet
424 5450 624 5507 blacedonimtis
645 5451 742 5507 ablatus
762 5451 885 5507 ecclesiis
910 5462 985 5505 extra
1001 5465 1094 5508 muros
1144 5453 1233 5510 dicore
1245 5472 1322 5526 quom
1334 5461 1426 5530 lepes?
1439 5461 1543 5532 Nempe
1557 5466 1592 5521 de
1604 5467 1657 5522 iliis
1670 5468 1776 5538 legibus
1787 5470 1813 5524 isi
1824 5469 1929 5538 arcipm

301 5522 408 5579 urbium
424 5522 614 5594 qtturutndant,
627 5531 655 5577 et
669 5524 695 5576 in
711 5524 754 5588 bis
764 5519 1092 5591 consuntiuopolituoae,
1144 5537 1206 5594 quai
1225 5526 1259 5580 ad
1274 5538 1404 5586 terrorem
1417 5534 1543 5603 scriptae,
1556 5536 1709 5608 ctijttsutodi
1723 5539 1800 5595 litere
1814 5538 1894 5595 ierme
1906 5539 1929 5591 in

300 5606 332 5647 ca
346 5596 489 5649 ocensioue
502 5608 583 5664 quim
597 5600 730 5648 memorat
742 5592 869 5649 Sinerates
884 5591 929 5646 lib.
945 5605 993 5655 stt,
1007 5606 1032 5645 c.
1046 5592 1091 5659 51,
1145 5594 1290 5653 ltnreticos
1299 5599 1417 5670 scripto.
1429 5603 1507 5672 Quod
1522 5615 1611 5663 tantm
1624 5609 1710 5680 ipsum
1721 5607 1771 5664 isac
1781 5611 1833 5682 leq.
1846 5615 1929 5665 esesb

301 5672 329 5715 et
343 5663 512 5720 blnrceliinus
525 5661 681 5720 Chronico:
695 5662 879 5738 ’Λφῃρέθοσαν,
894 5662 981 5731 inquit
993 5661 1093 5716 Socra·
1141 5665 1279 5735 iudicibus
1294 5669 1443 5730 interdicit.

300 5739 349 5796 les,
365 5736 450 5790 isoio
461 5737 650 5794 semimitas
663 5733 735 5793 olio
744 5734 795 5804 πρὸ
806 5738 855 5796 τοῦ,
862 5733 973 5790 παλαιοῦ
984 5733 1094 5803 τάχους
1180 5736 1300 5795 Tandem
1321 5751 1422 5799 cellatis
1445 5753 1510 5816 pult)
1526 5747 1633 5808 Barduli
1649 5749 1852 5824 conjeclttrattt,
1867 5751 1927 5805 11111
