4142 6175
227 275 261 331 87
926 265 1192 325 PROLEGOMENA.
1841 272 1876 330 88

227 396 398 454 manifestam
423 396 484 468 ejus
511 392 670 450 catholicam
694 400 813 448 mentem
839 388 974 461 prodant,
997 388 1022 441 in
1039 389 1141 453 Atrrr,
1157 400 1267 442 sensum
1288 388 1411 455 subesse,
1432 403 1597 461 qncmnuor
1613 387 1877 462 qnidomcrpisrna·

227 506 310 548 unum
330 490 372 546 rel
393 488 506 545 alterum
524 485 708 541 testiinonium
730 483 810 556 paulo
833 481 970 542 dilllcilius
985 483 1026 535 in-
1078 481 1141 538 dum
1153 491 1181 539 ct
1193 482 1384 555 exponendum
1398 470 1581 555 aggredimur.

228 591 330 649 comat,
348 580 414 636 nibil
429 577 593 644 movebitur,
613 591 674 633 cum
695 576 746 633 boc
761 590 795 633 ex
819 573 873 630 illis
885 573 1026 645 explican-

229 678 293 735 dum
312 675 454 747 inteiligit.
470 673 505 729 At
519 672 542 728 si
555 672 613 728 bace
635 673 685 729 tria
700 680 803 727 tantum
825 670 959 740 legantur,
975 682 1027 723 nce
1079 660 1197 737 [catast
1217 661 1251 718 ΙΙΙ
1256 711 1261 720 .
1277 693 1313 705 -
1328 663 1457 736 objectio
1474 663 1579 721 Petaaia
1590 674 1674 721 leatus
1689 666 1876 736 expenduntur.

228 769 281 825 alia
294 767 410 824 clariora
425 774 568 837 suppetere
585 780 618 821 ex
640 765 788 821 omissione
803 763 936 841 quispiam
951 761 1028 816 colli-

1183 754 1368 824 Interpretatio
1381 755 1453 813 Rulli
1464 758 1595 830 proposita
1610 767 1633 813 et
1646 774 1769 831 capanea.

230 873 275 935 gat
286 905 294 929 ‚
306 861 388 918 dubia
402 860 480 916 ualde
495 859 621 915 Auctoris
635 859 768 914 sententia
784 856 875 914 statim
891 853 1026 922 redditur,
1087 883 1090 890 ·

234 952 394 1021 brianisque
409 967 471 1008 cunr
496 950 597 1007 lauisse
616 950 737 1022 suspicio
755 947 919 1005 obtruditur.
936 946 1028 1017 ltaque

230 1048 404 1106 obscuriores
426 1044 544 1102 Zenorais
565 1035 714 1100 sententias
737 1051 883 1114 antequam
907 1039 1030 1096 vindice·

231 1159 303 1210 mus,
324 1154 415 1215 aperta
430 1141 490 1213 ejus
511 1139 675 1201 testimonia.
697 1136 795 1207 quibus
822 1150 883 1192 cum
912 1131 1029 1189 Nicaenis

231 1234 356 1291 Patribus
375 1234 476 1306 pariter
488 1232 589 1298 sensit,
605 1229 683 1285 nobis
701 1228 746 1284 lric
769 1225 905 1283 recitanda
928 1223 1028 1280 intelli·

230 1328 328 1398 giouts.
344 1325 379 1381 At
391 1334 497 1379 atatem
512 1322 637 1378 Auctoris
645 1321 796 1392 probaturi,
809 1319 937 1389 pleraque
950 1324 977 1373 et
989 1315 1031 1371 io-

1115 935 1219 992 Petovli
1230 935 1385 992 criminatio
1400 936 1450 992 luit
1466 952 1526 993 eant
1541 938 1660 994 Zenonis
1673 938 1756 994 luisse
1769 947 1879 996 senten-

1081 1028 1167 1082 tiam:
1189 1024 1298 1082 Verbum
1315 1025 1363 1082 Dei
1374 1044 1406 1082 ea
1420 1029 1490 1084 amni
1499 1030 1639 1084 eternitate
1663 1031 1691 1084 in
1713 1027 1802 1085 Patris
1819 1032 1879 1085 sinu

1081 1128 1104 1174 et
1118 1120 1227 1174 esserrtiu
1239 1118 1308 1174 uelut
1321 1119 1488 1175 indiscretum
1511 1131 1534 1175 et
1548 1121 1659 1194 affixum
1672 1120 1778 1177 lusisse
1790 1122 1880 1178 latuis-
1923 1145 1925 1156 ¹

1080 1228 1156 1282 aeque
1167 1228 1176 1266 :
1189 1220 1346 1283 permacra
1358 1228 1416 1266 curn
1433 1210 1535 1285 (Pater)
1550 1215 1736 1287 desigrratamu
1753 1230 1782 1269 ae
1794 1231 1880 1270 reram

1081 1303 1271 1359 uniuersitatem
1284 1302 1381 1357 rrroltr'ri
1395 1304 1478 1370 uellet,
1493 1320 1551 1359 eunt
1563 1305 1646 1375 iparnu
1661 1322 1694 1361 ea
1705 1321 1760 1361 aeae
1781 1323 1880 1380 prapa-

230 1412 881 1491 slgnioracollegimusdissertationeprima,cap.
892 1410 921 1477 ἢ,
933 1408 947 1481 5
958 1408 987 1472 2,
1002 1416 1032 1463 ut
1081 1412 1155 1467 illm
1178 1405 1202 1450 θ’
1230 1398 1355 1467 belluim·
1371 1407 1447 1467 atque
1469 1400 1536 1452 'illic
1557 1399 1668 1466 ΝΜ
1687 1400 1814 1457 ‘4⁸0⁶'st
1825 1418 1881 1458 ωε

231 1514 378 1566 Auctorem
391 1509 523 1565 adversus
535 1506 650 1561 Arianos
664 1500 1029 1576 apertissirnedirnicaatem,
1082 1488 1251 1555 rtatiuitatent,
1266 1505 1343 1559 quarn
1357 1489 1389 1544 S·
1412 1488 1483 1543 leli>
1507 1490 1534 1543 ''ll
1547 1493 1709 1561 sequettlibttt
1721 1494 1880 1550 “immisit“

231 1614 329 1676 qrrarrto
342 1603 442 1658 sarculo
454 1602 580 1656 lloruisse
593 1605 786 1656 statueremus.
801 1598 884 1668 lgitnr
898 1604 1030 1651 neactnor
1082 1581 1195 1650 expanti.
1219 1581 1282 1637 ΗΜ
1301 1581 1363 1647 ille;
1383 1597 1442 1652 ttssffl
1463 1597 1578 1638 celwlfi
1599 1583 1653 1639 ‘¹¹¹⁰
1671 1584 1877 1654 ⁰⁰¹¹¹b¹0⁰ll¹⁰t2

231 1710 352 1767 agamus,
367 1708 398 1750 gg
411 1693 499 1750 „thoe
513 1690 862 1762 100010p013520,010325‚
875 1688 970 1756 regnor,
982 1685 1032 1741 aps
1084 1674 1200 1745 primum
1214 1674 1317 1731 Zenoni
1340 1675 1411 1732 band
1424 1677 1544 1746 agnitam
1560 1678 1642 1734 larissa
1655 1687 1785 1736 aternam
1796 1681 1879 1737 divini

234 1798 260 1844 te
275 1788 356 1845 etiam
368 1794 449 1856 atqua
462 1785 543 1840 etiam
558 1775 689 1856 petimus3
710 1797 763 1838 non
779 1784 867 1838 solnm
882 1781 954 1836 enirn
973 1772 1031 1851 ejus
1047 1766 1165 1829 Blerbi
1184 1769 1388 1840 genittllonem
1405 1809 1414 1835 s
1430 1769 1530 1841 iulide
1551 1770 1595 1840 qui
1611 1770 1703 1826 d0⁰ttit
1726 1771 1796 1828 idern
1810 1771 1881 1829 Ver·

233 1886 353 1946 atatem,
368 1878 416 1935 sed
431 1877 592 1932 caitrottcara
606 1877 700 1942 etiam,
712 1889 792 1945 quarn
809 1873 853 1929 bic
879 1870 1028 1928 detenden-

233 1974 295 2029 dam
312 1969 627 2048 suscepimusejusdem
641 1970 802 2025 sententiam
814 1966 894 2038 plano
904 1966 1032 2022 demotis·

234 2074 316 2121 traot.
335 2063 445 2119 Videbis
460 2062 609 2118 enimcum
623 2060 766 2132 precipuis
789 2061 952 2116 arianorum
964 2056 1030 2113 ella·

234 2154 453 2212 tibnscoutraria
469 2163 670 2226 opponentem,
690 2152 834 2223 interque
855 2150 901 2205 illa
917 2164 1033 2218 praeser-

233 2249 282 2305 tim
297 2249 420 2305 invenies
433 2247 614 2304 disertissime
628 2246 778 2317 proposita,
789 2259 849 2316 que
860 2243 973 2314 objectae
986 2257 1033 2313 per

233 2342 373 2399 aerariam
390 2342 491 2398 erroris
504 2339 652 2412 suspicioni
663 2354 679 2396 e
691 2338 827 2395 diametro
841 2336 1032 2402 adversantur,

234 2436 386 2507 cuiusmodi
401 2435 598 2509 prolectosuot
613 2449 645 2490 ca
661 2432 760 2506 qulbus
772 2431 870 2488 [illium
884 2432 919 2487 ab
929 2439 1033 2487 auterno

234 2529 470 2600 aPatregenitum
486 2526 647 2592 delendens,
657 2531 1034 2581 nontantunrcoanternumet

233 2621 400 2694 coequalem
416 2618 489 2675 Patri
506 2617 670 2684 cantitetur,
685 2616 734 2673 sed
749 2616 867 2673 etunius
881 2631 942 2671 curn
953 2614 1034 2670 Patre

233 2715 408 2780 substantiac;
425 2711 583 2783 becqueita
596 2723 726 2781 expresse
739 2722 771 2765 ac
784 2724 818 2764 cx
833 2708 972 2779 proptosita
983 2717 1035 2762 sta·

235 2808 302 2874 tuit,
321 2815 350 2862 ut
364 2805 472 2877 objecta
484 2805 566 2860 etiarn
590 2802 624 2858 ab
641 2802 749 2858 arianis
773 2802 861 2870 palam
882 2799 988 2856 relellat
1002 2815 1035 2856 ac

235 2902 331 2958 diluat.
353 2898 443 2955 Unum
461 2897 515 2952 boc
532 2896 592 2952 loco
606 2894 707 2951 ibidem
723 2895 937 2965 praetermissum
951 2907 1035 2964 appo-

235 3007 332 3051 nemus
348 2990 543 3055 testlnronium,
566 3002 619 3060 quo
642 2987 709 3043 nibil
731 2985 861 3042 illustrius
874 2986 990 3050 exsistit,
1006 2995 1037 3041 ut

236 3087 374 3145 Zenonem
407 3084 443 3142 ab
466 3086 583 3156 impacta
611 3082 704 3141 triani
723 3081 858 3155 dogmatis
880 3080 1036 3153 suspicione

1085 1858 1148 1915 bum
1163 1859 1198 1915 ab
1211 1870 1315 1916 aeterno
1329 1862 1354 1915 in
1369 1860 1449 1934 Patre
1462 1862 1571 1933 quidem
1582 1862 1676 1930 luisse,
1687 1864 1734 1919 scd
1750 1866 1785 1920 ita
1800 1865 1883 1921 indis·

1084 1961 1200 2022 cretum,
1217 1962 1245 2007 ut
1260 1968 1312 2008 nna
1325 1967 1386 2009 cnm
1400 1955 1478 2010 Patre
1489 1970 1543 2010 non
1557 1956 1644 2011 solnm
1658 1956 1821 2026 substantia,
1833 1958 1880 2015 scd

1084 2045 1165 2099 ctiam
1193 2060 1309 2116 persona
1338 2046 1417 2102 luerit
1443 2063 1526 2103 unum
1539 2055 1567 2102 et
1581 2048 1652 2103 idem
1665 2065 1672 2103 ;
1686 2050 1801 2105 alterum
1817 2065 1882 2108 reru

1084 2138 1211 2196 eumdem
1244 2139 1392 2195 Auctorem
1421 2139 1605 2206 existitnasse,
1620 2139 1739 2197 Verbum
1756 2141 1881 2200 ditinum

1086 2239 1142 2287 tum
1169 2231 1259 2300 solum
1281 2231 1448 2302 processisse
1472 2246 1506 2287 cx
1522 2232 1613 2298 Patre,
1638 2248 1699 2289 cunr
1714 2233 1881 2289 ismundrnn

1085 2342 1180 2383 creare
1194 2325 1320 2395 instituit,
1341 2336 1370 2383 nt
1386 2328 1433 2384 illo
1446 2336 1573 2401 tanquam
1594 2329 1741 2386 creationis
1757 2331 1883 2386 ministro

1085 2428 1223 2489 uteretur,
1248 2437 1309 2492 que
1323 2423 1379 2477 Arii
1399 2431 1427 2479 ct
1448 2422 1609 2479 arianorum
1624 2425 1756 2481 sententia
1772 2424 1840 2481 luit:
1855 2436 1881 2482 et

1087 2515 1156 2569 lianc
1170 2513 1346 2583 temporalem
1356 2514 1417 2571 Filii
1430 2516 1631 2586 processionem
1643 2531 1658 2570 a
1670 2516 1757 2584 Patre,
1768 2532 1829 2587 qun
1838 2533 1884 2576 ras

1085 2617 1192 2663 creatas
1211 2593 1314 2672 tarttum
1336 2616 1452 2675 spectat,
1468 2622 1529 2664 eam
1552 2606 1612 2663 Filii
1633 2609 1802 2666 nativitatem
1822 2624 1883 2665 essu
1968 2595 1971 2600 ’

1086 2698 1211 2755 Pretorius
1232 2699 1390 2765 existimat,
1414 2715 1493 2771 quarn
1515 2700 1589 2757 Zeno
1602 2709 1717 2757 tractatu
1733 2704 1882 2773 presertim

1087 2800 1182 2848 octavo
1197 2794 1309 2862 primaru
1329 2801 1426 2861 uocat,
1453 2792 1497 2848 ubi
1521 2792 1656 2848 distinctis
1667 2793 1772 2850 duabus
1783 2796 1884 2851 Citristi

1087 2887 1274 2944 nativitatibus
1286 2889 1324 2944 ait
1337 2906 1343 2940 :
1359 2886 1456 2944 Peme
1468 2889 1553 2957 itaque
1563 2886 1812 2943 natiuitatialloraiai
1824 2905 1885 2945 uar-

1087 2985 1122 3038 tri
1143 2984 1170 3038 in
1187 2981 1277 3037 Patria
1290 2991 1314 3037 et
1337 2980 1400 3037 Filii
1422 2991 1520 3037 tanturn
1544 2981 1700 3036 conscicntia
1719 2990 1824 3036 nranrt:
1839 2997 1886 3036 ner

1087 3075 1225 3149 quidquam
1240 3075 1313 3133 labet
1333 3076 1505 3150 interjectum,
1528 3092 1610 3146 neque
1621 3075 1762 3145 corradunt,
1775 3081 1843 3150 qaod
1855 3093 1887 3133 ea

234 3179 430 3236 alienissimum
450 3190 611 3248 cognoscas.
639 3174 762 3230 lnuuisse
784 3172 909 3228 nimirum
933 3158 1071 3228 ArrctorC
1088 3171 1187 3241 paterni
1200 3171 1253 3224 aria
1266 3168 1362 3237 affeetu
1376 3169 1562 3240 macroniano
1574 3184 1709 3223 consensu.
1723 3170 1757 3224 At
1767 3167 1886 3223 baecduo

236 3270 347 3327 Patauio
361 3269 480 3335 ridetur,
497 3267 545 3323 lloi
561 3266 659 3322 Filium
674 3281 728 3321 non
740 3264 774 3320 ab
785 3275 887 3320 aeterno
901 3265 1034 3334 genitum,

236 3360 326 3418 sedin
342 3368 475 3432 tempore,
498 3368 643 3427 antequam
654 3356 852 3414 scilicet'aliam
869 3356 950 3411 ullam
960 3370 1036 3412 crea-

237 3463 325 3509 turam
336 3451 477 3507 conderet.
489 3449 524 3505 At
536 3462 626 3505 norrnc
637 3458 717 3503 tract.
732 3447 747 3503 7
762 3447 809 3504 lib.
823 3462 854 3514 rr,
876 3462 923 3504 eos
936 3445 1034 3504 corilu-

236 3553 354 3610 taturus‚
369 3542 415 3614 qui
431 3541 484 3597 lroc
499 3542 587 3611 ipsum
602 3540 783 3607 tradiderunt,
794 3537 839 3609 qui
850 3540 993 3605 nimirum,
1007 3550 1034 3595 ut

236 3638 296 3709 ipse
308 3639 425 3707 situum.
435 3636 462 3703 l,
486 3634 579 3693 Dicunt
591 3634 695 3702 quidem
708 3632 757 3688 Dei
773 3631 871 3687 Filium
885 3631 979 3699 Deum,
991 3633 1037 3688 sed

236 3744 289 3785 aon
301 3745 333 3783 ee
347 3725 427 3782 Putre
441 3726 582 3783 nobilitatis
595 3726 763 3798 perpetuitate
773 3727 944 3797 progenitum,
957 3727 1038 3797 faisse

236 3828 345 3890 tempus,
359 3818 462 3888 paranda
483 3834 536 3873 nou
558 3819 617 3888 tait,
632 3833 712 3888 quam
731 3818 893 3873 sententiam
913 3818 1037 3873 tumescas

236 3920 330 3985 aperte
343 3920 419 3968 notat
434 3929 441 3966 ε
458 3926 560 3976 tranire,
576 3912 698 3982 inquam,
721 3910 807 3967 hocce
830 3922 941 3980 terripaa,
964 3911 1036 3983 quod

237 4005 370 4062 nativitati
384 4003 446 4060 Filii
467 4003 611 4071 tribuitur,
632 4003 720 4074 palan
745 4003 835 4073 reiicit
859 4019 933 4059 unm.
950 4004 978 4068 ὅ,
995 4003 1038 4059 lris

238 4097 350 4153 uerbis:
377 4094 517 4151 Videamus
535 4112 624 4163 nunc,
647 4097 741 4163 aptinte
763 4095 902 4150 christiane
917 4095 976 4166 (sic
990 4112 1038 4167 per

236 4189 351 4246 ironiam
373 4187 502 4243 brianum
518 4186 654 4259 appellat)
667 4187 883 4260 quemadmodum
903 4190 969 4243 inter
985 4186 1039 4244 Pa·

237 4293 301 4340 trem
315 4293 339 4339 et
356 4282 456 4338 Filium
475 4293 574 4354 tempus
592 4281 733 4354 infulcias?
746 4280 917 4337 Credibilene
929 4290 972 4337 est
994 4296 1039 4336 as·

236 4389 339 4437 sertum
350 4378 454 4448 uspiam
466 4376 555 4433 alibia
569 4374 819 4432 Zenonehocldcrn
835 4386 956 4444 tempus,
965 4375 1038 4447 quod

1087 3278 1211 3321 censurae
1220 3262 1318 3334 capita,
1329 3263 1380 3319 etsi
1391 3261 1517 3319 ridentur
1528 3260 1647 3327 diversa,
1661 3276 1691 3318 re
1706 3270 1795 3318 tamen
1806 3261 1885 3318 colli·

1086 3365 1147 3427 gata
1161 3365 1235 3421 sunt,
1250 3354 1421 3427 alterumque
1445 3355 1480 3412 ab
1494 3356 1581 3413 altero
1602 3355 1640 3411 ita
1665 3356 1783 3428 pendet,
1800 3366 1829 3413 ut
1842 3359 1886 3428 qui

1088 3446 1205 3519 primurn
1231 3462 1265 3503 ex
1280 3448 1339 3516 ipso
1352 3444 1465 3503 Zenone
1486 3444 1626 3514 refellerit,
1644 3447 1710 3503 satie
1721 3448 1888 3505 relelleritet

1087 3543 1224 3606 alterum,
1253 3541 1471 3612 catlrolicarnquc
1497 3540 1585 3597 sancti
1612 3541 1748 3597 antistitis
1767 3550 1888 3597 mentem

1088 3632 1295 3703 doctrinamque
1308 3632 1342 3688 ab
1357 3633 1459 3687 briano
1472 3632 1599 3703 dogmate
1610 3630 1771 3688 vindicatam
1783 3633 1888 3702 praesti·

1088 3727 1160 3782 terit.
1185 3726 1213 3783 Si
1227 3727 1299 3781 eninr
1316 3726 1430 3796 primunt
1453 3734 1565 3791 statuas,
1582 3724 1734 3795 probesque
1755 3730 1887 3780 aeternam

1088 3835 1120 3875 ac
1142 3820 1279 3891 propriam
1305 3818 1392 3875 divini
1415 3818 1498 3875 Verbi
1519 3818 1752 3890 generationerna
1776 3816 1888 3872 Zenone

1089 3912 1157 3970 satis
1170 3913 1349 3980 declaraturos,
1365 3912 1429 3967 dum
1446 3912 1518 3968 idem
1539 3912 1655 3968 Verbum
1676 3911 1765 3968 adbuc
1780 3913 1806 3968 in
1819 3926 1887 3967 coo·

1088 4007 1201 4063 scientia
1213 4006 1301 4062 Patris
1311 4006 1428 4063 relatum
1448 4014 1475 4062 et
1485 4005 1606 4062 abditum
1622 4005 1781 4073 alilrmarit,
1795 4007 1887 4062 statim

1089 4108 1228 4173 respiretur,
1242 4099 1354 4156 alteram
1369 4100 1582 4170 generationem,
1595 4114 1656 4170 quae
1668 4098 1758 4155 eidem
1773 4097 1887 4154 Verboa
1986 4171 1996 4183 ί

1089 4190 1198 4246 Zenone
1209 4190 1346 4256 tribuitur,
1361 4191 1475 4262 primam
1490 4206 1544 4246 non
1560 4204 1631 4255 esse,
1647 4205 1761 4262 eamque
1776 4190 1889 4262 perinde

1090 4281 1290 4352 explicandam,
1305 4292 1336 4337 ut
1346 4283 1441 4353 primae
1462 4293 1571 4338 aterne
1583 4282 1750 4354 generationi
1766 4281 1831 4338 uilril
1846 4297 1888 4337 rc·

1091 4384 1202 4447 pugnet,
1214 4384 1240 4431 et
1261 4376 1370 4433 Arianis
1382 4375 1449 4432 nibil
1463 4375 1582 4448 suliragii
1594 4377 1672 4433 terat.

237 4479 293 4526 tam
307 4485 438 4543 expresse
453 4469 592 4525 ltaereseos
614 4465 808 4539 reprelienditl
831 4466 909 4536 Qtrod
932 4468 954 4523 si
976 4467 1038 4523 buic
1127 4468 1219 4541 itaque
1233 4469 1266 4525 ad
1292 4469 1493 4541 primumquod
1521 4473 1648 4542 pertinet,
1672 4469 1736 4526 illud
1754 4471 1842 4541 ipsum
1861 4468 1888 4526 in

239 4562 396 4620 testimonia
410 4568 510 4617 caera
528 4560 612 4615 addas
632 4560 659 4614 io
674 4559 822 4631 superioris
836 4559 1037 4615 dissertationis
1050 4539 1077 4602 Ῑ)
1092 4562 1185 4633 primis
1201 4564 1386 4620 testinnonium
1399 4579 1433 4619 ca
1448 4571 1563 4620 tractatu
1575 4573 1683 4631 octavo,
1697 4563 1769 4634 quod
1780 4564 1889 4634 prinaam

238 4661 320 4726 caput
337 4653 366 4721 t,
378 4651 392 4725 5
406 4650 434 4717 2,
450 4651 586 4723 conjecta,
601 4650 702 4720 quibus
725 4661 753 4707 et
772 4649 844 4705 lrunc
867 4663 990 4706 errorem
1010 4658 1041 4706 ct
1088 4652 1189 4710 Curiati
1200 4654 1368 4710 natiritatenr
1380 4654 1518 4726 ingerens,
1544 4654 1671 4725 Petarins
1684 4670 1733 4726 pro
1747 4653 1888 4724 temporali

239 4742 798 4802 altasarianorumlocutionesnuctarrr
813 4741 1039 4797 catlrolicoscnsu
1089 4747 1227 4819 allegarit,
1251 4748 1285 4803 ad
1305 4756 1436 4804 aternam
1462 4747 1633 4805 statuendam
1660 4748 1890 4805 luculentcrcon·

238 4839 344 4911 rejicit,
362 4848 417 4894 tnm
433 4852 466 4892 er
478 4836 605 4892 omnibus
618 4837 706 4907 palam
718 4835 776 4902 llet,
787 4849 849 4890 eum
860 4835 1039 4891 disertissimo
1089 4838 1175 4896 ducit.
1190 4841 1256 4895 cunr
1282 4840 1353 4895 cnim
1369 4839 1470 4896 ibidem
1494 4842 1578 4911 prima
1591 4841 1690 4897 Claristi
1704 4842 1831 4897 nativitas
1845 4842 1889 4897 illa

238 4930 399 4988 catholicam
408 4928 540 4985 adversus
548 4929 663 4984 Arianos
674 4928 800 4984 docuisse
810 4943 842 4983 ac
854 4943 1038 5000 propugnasse

238 5024 406 5081 doctrinam:
421 5022 477 5094 jam
494 5022 527 5076 iis
540 5022 567 5075 in
586 5010 831 5092 testimoniisque
843 5022 970 5077 Petavius
985 5039 1036 5078 una

238 5116 392 5180 recensuit,
410 5114 526 5170 alienam
541 5120 569 5169 ei
587 5114 621 5169 ad
635 5115 748 5169 Arianos
761 5115 935 5171 accedentem
949 5116 1036 5172 conti·

238 5209 297 5266 neri
312 5208 475 5265 sententiam
485 5223 566 5263 nemo
577 5208 707 5278 suspicari
716 5209 778 5278 jnre
790 5212 884 5278 possit,
899 5210 951 5266 nisi
962 5226 1038 5268 eum-

238 5300 300 5358 dem
318 5310 457 5361 auctorem
468 5300 519 5356 sibi
539 5298 590 5370 ipsi
606 5300 748 5356 aduersum
760 5310 787 5355 et
802 5301 1034 5360 contradicentem

238 5395 397 5453 existimet:
411 5393 458 5450 sed
474 5394 563 5465 potius
575 5410 636 5449 rum
651 5396 797 5451 universim
813 5411 896 5466 pauca
909 5396 1034 5468 quedam

236 5488 352 5543 obscura
379 5488 436 5541 loca
460 5500 493 5540 er
519 5485 641 5556 pluribus
665 5500 697 5540 ac
710 5484 860 5542 manifestis
875 5487 1033 5558 explicanda

238 5579 303 5643 sint,
330 5592 383 5633 oon
406 5587 496 5632 autem
520 5592 536 5632 e
557 5588 666 5643 contra;
694 5591 729 5632 ex
755 5585 793 5631 tot
808 5592 840 5634 ac
864 5587 918 5633 tam
934 5581 1035 5649 apertis

238 5669 268 5726 S.
285 5669 403 5725 Zenonis
418 5668 583 5724 testimoniis
608 5669 722 5739 euidens
749 5684 809 5724 esse
834 5668 925 5737 debet,
951 5670 1034 5726 alium

237 5777 361 5833 prorsus,
377 5776 456 5832 quarn
467 5766 513 5833 qui
525 5776 540 5816 a
553 5761 663 5818 Petavio
678 5760 828 5818 tribusillis
842 5762 909 5821 locis
921 5762 1034 5836 sulpici·

1090 4949 1152 4991 csse
1166 4933 1282 4998 dicatur,
1297 4949 1356 5004 qua
1366 4935 1394 4987 r'n
1407 4932 1495 4988 Patris
1510 4945 1532 4989 et
1545 4932 1608 4989 Filii
1620 4944 1720 4989 tanturn
1733 4934 1890 4990 corruentia

1089 5034 1185 5093 ananei,
1201 5025 1395 5096 necquidquam
1419 5026 1493 5081 babet
1515 5027 1721 5100 interjectarum
1743 5026 1889 5085 cananum:

1089 5118 1218 5174 nativitas
1246 5118 1367 5187 prolecto
1398 5118 1532 5175 indicatur
1559 5117 1644 5173 divini
1676 5118 1757 5174 Verbi
1783 5133 1832 5189 pro
1854 5133 1889 5174 eo

1088 5218 1191 5266 aeterno
1214 5219 1297 5278 statu,
1313 5225 1375 5267 cum
1390 5212 1464 5267 illam
1475 5220 1535 5266 ante
1546 5211 1738 5267 animaaoecula
1755 5209 1889 5266 Paterud-

1089 5301 1139 5357 bue
1160 5302 1280 5375 utrinque
1302 5303 1328 5356 in
1352 5303 1486 5373 temetipsa
1499 5299 1586 5368 Deua,
1609 5304 1690 5358 beatae
1712 5302 1889 5374 perpetuitatis

1088 5395 1227 5450 iradiscreta
1241 5397 1348 5460 spiritua
1363 5396 1532 5467 plenitudine,
1544 5399 1686 5468 nesciaque
1699 5413 1749 5452 aaa
1758 5397 1889 5455 conmea-

1089 5488 1125 5543 tia
1138 5487 1260 5553 uelatum,
1277 5483 1340 5542 Filii
1353 5504 1405 5542 non
1419 5489 1475 5543 aine
1490 5486 1596 5556 affectu,
1613 5488 1657 5543 red
1671 5489 1727 5544 aine
1741 5489 1889 5543 discrimine

1088 5578 1298 5650 arripiectebatur,
1323 5589 1352 5634 ut
1365 5577 1489 5657 cholait
1503 5583 1528 5634 in
1546 5581 1629 5651 priori
1641 5589 1731 5649 tortu,
1746 5596 1825 5653 qoem
1839 5580 1889 5636 l‘c·

1088 5671 1176 5725 tarius
1187 5670 1287 5741 objecit
1301 5685 1335 5725 cx
1349 5679 1463 5725 tractatu
1479 5671 1509 5736 5,
1519 5687 1578 5741 seo,
1590 5688 1619 5728 ut
1635 5672 1754 5743 loquitur·
1765 5672 1889 5729 secundo

1089 5770 1218 5830 lenimen
1235 5772 1314 5818 tract.
1329 5762 1356 5831 l,
1371 5778 1432 5818 cunr
1443 5774 1497 5821 nat
1509 5776 1569 5819 aute
1588 5766 1675 5823 omnia
1689 5780 1795 5819 manem
1808 5781 1885 5831 arras,
