4142 6175
138 314 207 372 tart
605 312 720 372 auson
738 307 966 369 comtrtonrs
984 306 1297 373 canrutotnnusts.
1401 351 1403 355 .
1563 279 1569 289 '
1691 311 1788 377 rime

136 429 253 502 possint.
267 429 342 497 ,Qua
365 444 411 487 res
433 430 533 502 urget?
555 428 625 498 Quid
646 427 808 486 latinator?
834 424 869 482 El
888 426 942 482 clia
954 429 982 491 Α
1030 425 1199 484 Marcellinus
1221 414 1264 482 air
1284 427 1444 484 clarissimus
1471 428 1590 484 tdhsous
1622 438 1646 484 ct
1673 430 1788 485 rosamo

136 535 226 576 usuro.
242 520 391 577 Petiliaous
405 522 550 593 episcopus
564 520 719 592 recognovi.
988 517 1074 574 dicit:
1088 518 1206 575 Possunt
1221 517 1303 576 bodie
1317 518 1426 575 scheda
1438 518 1481 575 nei
1492 518 1526 574 ab
1540 516 1631 574 ollieio
1644 519 1785 590 compleri,

172 616 218 674 66.
235 615 396 689 Augustinus
410 618 546 688 cpiscmus
567 615 688 672 Ecclesiae
706 615 841 672 catholica
854 614 937 669 dicit:
988 609 1031 666 vel
1043 609 1078 666 ab
1086 617 1198 681 utraque
1208 620 1285 682 parte
1295 610 1448 668 subscribi?
1460 609 1693 683 Milarrrsesceptor
1702 611 1786 669 dicit:

137 707 196 767 ttae
213 710 301 766 solnm
321 718 430 767 constet
443 709 517 781 ipsos
531 725 590 766 rem
606 710 678 767 velle
693 708 811 766 dierrre.
827 708 861 766 tlt
871 721 938 764 coo·
987 705 1075 763 lindie
1085 706 1200 763 schedas
1214 706 1393 779 complemus.

136 798 216 856 cedat
237 799 389 856 sublimitas
416 809 470 869 lua,
499 801 616 870 petimus
645 810 681 858 te.
710 799 863 857 Humanum
884 808 936 868 est,
1025 799 1193 856 Marcellinus
1218 801 1256 855 rir
1288 800 1447 856 clarissimus
1471 798 1590 856 tribunus
1620 807 1645 853 el
1672 797 1787 854 ιιιιιιιιιιι

137 888 310 946 corrsiderare
335 889 451 956 volunt,
479 889 618 947 discutere
643 890 761 958 volunt,
786 892 937 960 paratiores
988 892 1075 949 cliait:
1089 893 1222 963 Quoniam
1236 894 1369 966 suggessit
1384 892 1503 949 olllcium
1522 892 1604 948 bodie
1623 906 1653 946 se
1671 889 1787 947 schedas

137 981 233 1037 volunt
250 982 355 1050 venire,
370 998 405 1038 ne
423 981 548 1039 nolentes
567 980 677 1038 differre
696 970 844 1054 prolixiora
861 994 937 1053 gesta
986 1000 1069 1057 posse
1086 988 1241 1058 complere,
1256 985 1345 1043 edicat
1360 987 1489 1043 sanctitas
1500 994 1591 1042 nestra
1605 995 1694 1041 utrum
1707 984 1789 1042 bodie

138 1071 282 1139 iaciamus,
303 1081 332 1131 et
350 1074 408 1147 ipsa
426 1083 564 1147 gestorum
578 1074 717 1146 prolixitas
730 1075 848 1148 majores
860 1077 938 1134 nobis
987 1075 1032 1132 vcl
1044 1078 1163 1132 crastino
1175 1078 1220 1134 die
1234 1079 1270 1133 sit
1283 1087 1375 1149 parata
1389 1078 1571 1134 subscribere.

139 1182 231 1225 nrorru
245 1168 366 1224 incutiat.
381 1166 480 1224 Etalia
491 1184 579 1223 manu.
592 1167 758 1240 Recognovi.
1024 1167 1069 1224 62.
1083 1169 1230 1226 adeodatus
1252 1172 1385 1244 episcopor
1401 1172 1485 1226 dirim
1503 1169 1572 1227 Cum
1592 1170 1670 1228 nobis
1687 1170 1787 1228 scheda

175 1258 405 1337 MhMcrcellinus
419 1261 457 1315 uir
471 1260 630 1316 ctariuimus
641 1259 760 1316 tribunus
778 1271 803 1316 et
819 1260 941 1317 neumas*
988 1260 1077 1316 oblata
1091 1260 1181 1328 luerit,
1193 1263 1404 1319 subscribemus.
1421 1262 1456 1318 Et
1468 1263 1522 1318 aliu
1531 1281 1618 1319 mana.
1634 1262 1789 1321 adeodatus

138 1350 224 1406 dicit:
236 1350 271 1406 Et
286 1360 315 1408 ut
325 1350 353 1407 in
365 1350 438 1406 huno
447 1350 519 1407 diem
528 1352 646 1423 cognitio
658 1350 823 1420 differretur,
835 1354 936 1409 utrius·
987 1353 1130 1424 episcopus
1144 1357 1302 1426 recognovi.

139 1457 191 1514 que
204 1443 288 1513 pertis
314 1451 421 1500 constat
431 1443 513 1501 luisse
524 1458 698 1514 consensum,
711 1446 783 1517 qnod
795 1446 875 1504 rideo
887 1446 937 1504 bo-
1026 1447 1072 1503 63.
1093 1446 1264 1503 Marcellinus
1277 1448 1316 1503 air
1333 1448 1493 1504 clarissimus
1507 1449 1624 1504 triduans
1637 1450 1789 1505 senatorius

138 1534 182 1591 dic
193 1535 323 1607 prodesse
335 1550 389 1594 non
405 1551 497 1608 posse.
510 1537 639 1605 listerim,
651 1545 682 1594 nt
695 1539 827 1611 precepi,
843 1541 877 1597 ab
889 1556 937 1597 ec·
989 1538 1080 1595 dicit:
1105 1536 1201 1596 Edicat
1227 1555 1298 1596 nnnc
1326 1539 1446 1597 olllcinm
1472 1549 1534 1611 post
1563 1540 1788 1613 subscriptionem

138 1628 298 1685 clesiasricis
321 1628 435 1687 notamls
456 1628 492 1686 ad
515 1645 596 1703 quam
620 1640 726 1704 partem
751 1631 831 1689 luerit
854 1632 936 1690 diluta
988 1631 1164 1699 schedarum,
1179 1633 1262 1688 etiam
1278 1633 1303 1687 in
1318 1631 1438 1689 editione
1451 1643 1590 1706 gestorum
1603 1644 1669 1705 quot
1682 1633 1788 1693 dierum

138 1720 256 1792 cognitio
271 1721 412 1778 recitetur.
989 1725 1115 1782 sotneere
1131 1726 1217 1797 possit
1231 1726 1289 1782 sine
1301 1725 1355 1782 olla
1369 1728 1543 1782 excusatione
1558 1725 1662 1782 dilatio.

173 1812 219 1870 68.
243 1811 389 1868 Petilicnrts
409 1812 545 1884 episcopas
563 1813 645 1870 dicite
670 1812 805 1885 Scriptum
828 1814 863 1871 sit
884 1815 975 1878 hocB
1023 1818 1068 1875 ot.
1085 1817 1194 1875 Hilarus
1211 1829 1330 1892 eccepto
1344 1819 1426 1875 dicit:
1441 1819 1469 1876 Si
1481 1818 1599 1876 crastino
1613 1819 1659 1877 die
1671 1819 1791 1876 subscri·

139 1919 194 1962 non
208 1911 302 1960 nostro
311 1905 378 1961 ritio
389 1902 458 1972 tleri,
471 1903 520 1961 sed
531 1912 635 1961 ιιιιιιιιι
647 1905 720 1978 qood
734 1906 830 1962 ιιιιιιιι
842 1920 938 1963 οιιιι-
989 1912 1095 1983 pseriot
1104 1911 1146 1966 rel
1158 1911 1252 1978 bodie,
1265 1907 1608 1983 possumusdlenoctuque
1619 1911 1790 1984 invigilantes

139 2012 201 2054 rere
215 2013 269 2053 non
289 2004 446 2069 potuerunt,
467 1995 510 2053 vel
528 2006 698 2068 exceptores.
723 1995 757 2052 Et
776 1998 830 2053 alia
847 2014 937 2055 omna.
989 2011 1052 2076 post
1064 2005 1172 2061 tertium
1187 2004 1259 2061 diem
1274 2015 1349 2077 gesta
1364 2005 1462 2072 edere,
1485 2006 1521 2060 ita
1535 2014 1564 2061 nt
1579 2006 1677 2061 nourii
1694 2020 1790 2062 eorum

140 2089 289 2147 Petilianos
308 2089 452 2161 episcopus
466 2088 621 2162 recognovi.
990 2097 1069 2153 nobis
1086 2096 1120 2153 de
1138 2094 1238 2152 scheda
1257 2095 1409 2167 subscripta
1431 2095 1544 2152 dictent.
1568 2095 1735 2151 Marcellinus
1753 2097 1792 2151 sir

177 2183 222 2239 69.
238 2181 408 2238 Marcellinus
421 2183 460 2239 cir
474 2183 632 2239 clarissimas
648 2183 766 2240 tribanus
785 2192 809 2240 et
822 2184 940 2240 ιιιινιιιι
990 2187 1147 2244 clarissimas
1171 2186 1290 2242 tubanus
1310 2195 1334 2243 ιι
1353 2188 1470 2243 natamus
1484 2188 1566 2243 dicit:
1588 2187 1654 2257 Quis
1667 2189 1719 2244 iste
1731 2187 1791 2244 dics

142 2273 229 2329 dicit:
254 2272 359 2330 Recita.
374 2270 648 2332 reconsecratores
667 2273 793 2331 Ecclesiae
807 2272 940 2348 Sitifensis
990 2279 1027 2336 sit
1038 2278 1072 2335 ab
1086 2276 1177 2335 trlllcio
1189 2278 1358 2347 designetur.
1376 2279 1533 2349 Rufinianus
1547 2279 1632 2336 scrita
1642 2281 1691 2334 riri
1700 2281 1792 2335 claris·

143 2369 224 2439 partis
243 2368 340 2424 Munati
356 2385 387 2425 ec
404 2370 492 2425 codice
505 2368 631 2425 recitauit.
650 2367 782 2426 Nobilitas
795 2379 840 2426 tua
854 2369 939 2426 dicit:
991 2371 1050 2426 sian
1066 2371 1195 2426 curatoris
1216 2370 1283 2426 dicit
1303 2388 1310 2423 ι
1338 2369 1491 2425 llodiornus
1512 2369 1571 2426 dics
1587 2381 1630 2426 est
1650 2386 1679 2427 nt
1706 2387 1791 2430 nonas

144 2460 242 2518 Edicat
252 2461 369 2518 olllcinm
383 2472 514 2534 guantum
524 2462 579 2534 jam
591 2464 645 2520 diei
656 2464 938 2521 uideaturemensnm.
991 2461 1096 2519 lunias.
1110 2460 1279 2519 Marcellinus
1289 2462 1328 2517 air
1339 2462 1499 2518 clarissimus
1512 2462 1630 2518 catanus
1640 2474 1664 2521 et
1675 2467 1792 2521 noradus

144 2544 303 2624 Rufinianus
310 2553 393 2609 ιιιιιι
404 2555 452 2610 oiri
461 2553 597 2610 clarissimi
608 2555 735 2610 curatoris
744 2556 828 2611 dicit:
844 2555 942 2611 Erem·
992 2553 1078 2609 elisit:
1090 2552 1165 2609 ntem
1177 2569 1270 2626 guero
1285 2568 1340 2624 quo
1352 2553 1396 2612 edi
1409 2562 1485 2625 gesta
1500 2556 1664 2625 promissum
1675 2566 1727 2613 est.
1741 2556 1792 2612 Mi-

146 2645 357 2717 ptsrsuotborae
371 2646 496 2704 undecim
509 2647 574 2703 diei.
589 2644 942 2717 Nobilitastuadicitrouo-
994 2645 1065 2702 larus
1077 2656 1197 2717 acceptor
1211 2646 1294 2702 dicit:
1314 2645 1463 2704 Possumus
1476 2655 1552 2719 gesta
1573 2648 1657 2705 edere
1675 2650 1792 2721 septimo

147 2738 219 2792 niam
234 2737 288 2794 diei
302 2753 371 2809 pene
380 2754 488 2795 omnem
500 2745 604 2809 partem
618 2749 725 2795 constan
739 2754 890 2808 emensam,
901 2739 942 2796 id·
993 2737 1087 2796 iduum
1099 2738 1239 2796 lirniarum
1253 2737 1308 2796 die.

148 2833 224 2885 circo
238 2839 327 2886 utrum
342 2846 375 2887 es
390 2833 530 2889 contmuni
544 2845 678 2889 consensu
691 2832 792 2887 dilserri
807 2833 943 2905 negotium
1031 2831 1077 2888 65.
1092 2831 1261 2888 Marcellinus
1275 2832 1314 2888 uir
1329 2833 1620 2892 consumpsissemus
1636 2846 1660 2892 et
1676 2840 1793 2897 notamus

149 2927 254 2999 piscosi
269 2929 419 2985 intimetur,
439 2928 477 2983 Ab
495 2940 604 2999 ucraque
619 2939 692 3004 parre
711 2928 809 2985 rernm
821 2938 869 2985 css.
883 2930 944 2986 plr-
996 2922 1078 2979 discit:
1104 2922 1181 2979 Licet
1205 2923 1261 2994 iam
1287 2924 1322 2981 de
1343 2923 1557 2995 professionibus
1577 2928 1701 2986 dubietas
1725 2932 1793 2988 mihi

149 3027 202 3089 cet,
224 3019 351 3091 quorriam
374 3020 426 3076 iste
447 3020 506 3077 dies
526 3022 633 3078 ridetur
652 3036 789 3078 emensus.
815 3021 945 3078 Nobilitas
997 3030 1092 3086 meins
1116 3024 1251 3081 nascibili,
1275 3025 1365 3072 umen
1387 3016 1477 3075 denno
1495 3029 1585 3076 ultum
1604 3030 1681 3078 serlo
1700 3022 1792 3080 iduuur

149 3123 195 3170 lua
208 3116 296 3172 dicim
316 3116 344 3172 ln
360 3131 439 3186 onem
458 3114 529 3172 diem
549 3116 608 3174 bec
622 3119 679 3189 ipsa
695 3118 946 3187 comperendinatio
997 3110 1228 3185 munierunt
1243 3110 1303 3179 die,
1318 3114 1445 3170 omnibus
1455 3114 1614 3186 ambagibus
1628 3118 1791 3189 amputatis,

150 3207 299 3276 dilleratur,
322 3224 385 3280 pars
405 3218 519 3281 utraque
533 3209 667 3282 designet.
691 3211 799 3282 dlppius
811 3214 946 3282 episcmus
960 3205 983 3269 C
999 3204 1135 3274 nennium
1159 3202 1195 3258 sit
1216 3203 1364 3276 principale
1384 3206 1572 3274 instandum,
1596 3223 1660 3278 lim
1679 3217 1793 3282 ultaque

37 3377 40 3384 ¹
151 3302 274 3360 Ecclesire
291 3303 426 3359 catholicos
445 3304 528 3359 dicit:
547 3304 623 3360 Sicut
645 3304 735 3360 edicto
754 3304 881 3360 nobilitas
902 3315 947 3361 tua
998 3295 1132 3368 designet·

151 3395 326 3467 prescripsit,
345 3395 465 3451 crastino
484 3394 641 3451 intermisso
660 3405 770 3467 propter
787 3395 948 3452 schedarum
1036 3389 1082 3444 66.
1098 3388 1257 3458 Augustinus
1276 3389 1411 3462 episcopus
1429 3390 1553 3447 Ecclesia
1565 3390 1699 3455 catholice
1709 3393 1797 3449 dicit:

151 3488 360 3556 descriptionem
378 3488 524 3561 perendie,
545 3488 569 3544 si
592 3489 735 3560 praecipis,
759 3488 948 3545 observamus.
1000 3479 1056 3537 Νῡι
1070 3488 1096 3536 ιι
1117 3479 1349 3548 166167016ῐῦ65.
1370 3493 1398 3538 0²
1413 3482 1438 3539 δί
1457 3483 1516 3540 fleri
1535 3493 1637 3554 l⁰⁸80b
1652 3485 1797 3542 vellemus·

153 3579 298 3637 laudares
320 3582 455 3654 rpimnpnr
478 3583 566 3637 rinc:
588 3580 675 3638 Etiam
693 3596 742 3638 nos
763 3582 950 3638 contererimus
1000 3571 1103 3630 'lamen
1119 3575 1181 3645 goia
1196 3574 1345 3631 humanum
1364 3575 1414 3631 luit
1433 3575 1485 3632 boc
1498 3575 1648 3633 correederc
1666 3576 1797 3634 iratribus

153 3684 183 3728 ut
198 3674 346 3743 perendino
360 3673 405 3730 die
416 3674 554 3745 negotium
569 3683 723 3746 peragatur.
741 3674 894 3731 Sublimitas
907 3685 950 3730 tua
1002 3669 1103 3724 nostris
1117 3667 1190 3739 qnod
1208 3669 1287 3725 nobis
1299 3684 1352 3724 non
1370 3669 1470 3739 iniuste
1488 3668 1614 3725 videntur
1626 3670 1799 3739 postulasse,

153 3767 240 3822 dicit:
254 3766 330 3823 Sicut
341 3766 464 3838 partibus
475 3764 587 3837 placuit,
600 3767 748 3837 perendino
759 3767 803 3822 dic
813 3767 950 3838 negotium
1002 3760 1036 3814 ad
1048 3758 1120 3814 diem
1133 3754 1239 3814 sextnn'r
1254 3759 1345 3815 iduum
1356 3758 1513 3828 lunianum,
1527 3760 1671 3832 adjuvaute
1683 3760 1799 3819 homino

153 3867 299 3930 reperetur.
317 3857 351 3913 Er
365 3874 423 3912 rum
437 3859 580 3913 reprimor.
1004 3849 1060 3905 ileo
1078 3858 1183 3915 nostro,
1208 3849 1348 3906 adlaturos
1370 3865 1420 3907 nos
1442 3850 1475 3907 ad
1503 3852 1685 3923 peragendum
1701 3853 1801 3924 priuci-

191 3949 237 4006 66.
254 3948 422 4005 Marcellinus
436 3951 476 4004 air
490 3949 648 4005 clarissimas
663 3948 779 4004 uilunus
798 3955 821 4003 cl
838 3948 954 4003 notanus
1004 3943 1066 4015 pale
1083 3944 1221 4015 negotium
1240 3943 1371 4000 Ecclesia
1393 3943 1562 4015 pollicemur.
1586 3943 1618 3999 Et
1639 3946 1694 4002 aliu
1710 3962 1800 4002 mana.

157 4044 239 4101 dicit:
257 4041 439 4116 Utrarnmgue
457 4044 572 4116 partium
591 4044 760 4116 prolesslone
775 4050 952 4099 ntortstratnm
1004 4036 1169 4109 Recognori.
1185 4034 1357 4094 Marcelliani
1366 4039 1407 4093 cir
1418 4038 1578 4094 clarissimos
1591 4039 1707 4093 tribunus
1718 4048 1742 4093 rr
1755 4055 1803 4093 rra-

154 4147 197 4193 est
211 4137 239 4192 in
252 4135 324 4191 bunc
339 4135 411 4191 dienr
426 4138 607 4207 cognitionem
629 4139 713 4193 luisse
727 4137 855 4205 dilatam,
874 4136 910 4191 ita
925 4143 955 4191 nt
1004 4132 1086 4185 tarius
1100 4130 1184 4184 dicit:
1204 4129 1294 4185 Etiam
1310 4145 1373 4200 pars
1386 4130 1438 4184 alla
1457 4128 1521 4202 quid
1541 4130 1686 4185 voiunntis
1704 4128 1804 4186 babeat

157 4228 237 4286 bodie
245 4228 382 4300 negotium
392 4237 563 4285 tractaretur.
1004 4220 1131 4292 dignetur
1149 4219 1267 4275 edicere.

193 4324 239 4378 tlt.
254 4322 401 4379 Petilicnus
415 4323 553 4396 episcopus
571 4321 657 4378 dicit:
674 4320 704 4379 Si
718 4322 890 4393 perlecerunt
904 4334 955 4392 ge-
1042 4313 1088 4369 bi.
1112 4311 1245 4368 Emeritos
1266 4314 1403 4385 episcopus
1425 4313 1510 4369 disin
1533 4313 1570 4369 he
1590 4313 1806 4387 professionibus

159 4422 199 4469 sta
212 4426 383 4489 exceptores,
399 4424 504 4487 agetur.
524 4414 557 4469 lc'r
573 4414 626 4470 mir
637 4431 725 4470 uranu,
740 4414 776 4471 Ur
790 4429 883 4486 snpra,
1007 4406 1108 4461 nostris
1121 4405 1194 4460 nulla
1213 4413 1255 4461 est
1269 4406 1440 4475 ambiguitas.
1461 4405 1596 4475 Quantum
1610 4416 1699 4465 autem
1714 4408 1748 4466 ad
1762 4410 1806 4465 in-

198 4505 366 4564 Marcellinus
394 4510 434 4564 cir
460 4509 620 4564 clarissimus
648 4510 764 4564 tribunus
791 4515 817 4563 el
842 4508 957 4564 notarius
1007 4499 1201 4564 Slfucfillssemr
1223 4513 1302 4569 guam
1326 4497 1385 4556 fleri
1400 4498 1501 4556 debere
1519 4500 1807 4576 iniudicionrgturi-

162 4597 246 4653 dicit:
265 4598 341 4657 Licet
359 4600 539 4671 apertissimis
558 4600 637 4657 luerit
653 4601 867 4670 professionibus
883 4599 957 4656 desi·
971 4588 997 4651 b
1009 4607 1085 4661 mus,
1107 4591 1223 4648 aduertit
1238 4591 1364 4649 nobilitas
1378 4600 1422 4647 tna
1436 4607 1488 4648 nos
1499 4593 1571 4665 justa
1584 4605 1611 4650 et
1626 4594 1745 4667 legitima
1760 4611 1810 4668 po-

162 4692 956 4764 gustnminquemdiemdilatumessetjudieiomtannen,
1011 4689 1139 4742 stillasse.
1165 4684 1350 4740 hiemantem
1376 4693 1517 4752 statutum,
1547 4686 1600 4742 hoc
1623 4696 1676 4752 est,
1701 4696 1809 4742 sextum

161 4797 197 4839 'ne
215 4783 278 4856 guid
300 4785 324 4840 ei
344 4786 414 4856 parti
434 4800 495 4855 quse
512 4785 669 4840 dilationem
689 4781 811 4854 postulat
831 4790 957 4853 uegetum
1013 4776 1105 4832 iduum
1123 4774 1285 4843 laniacum,
1300 4776 1323 4832 si
1338 4775 1410 4832 lictis
1434 4778 1556 4847 iusserit,
1584 4776 1810 4842 observabimos;

162 4889 222 4933 esse
243 4876 380 4943 videatur,
404 4876 522 4948 cognitio
541 4875 692 4942 dilleretur,
711 4877 746 4931 ita
770 4885 800 4932 nt
820 4874 909 4932 edicat
931 4874 960 4931 in
1014 4872 1049 4927 ito
1069 4881 1157 4926 tamen
1180 4879 1209 4925 ιι
1230 4868 1348 4941 acceptis
1370 4871 1454 4942 gustis
1473 4869 1552 4927 nobis
1565 4870 1696 4942 largiatur
1709 4868 1812 4941 aliquid

162 4983 242 5039 noem
255 4967 327 5022 dienr
341 4967 437 5023 debeat
450 4967 582 5040 judicium
596 4968 734 5039 protelari.
1014 4963 1184 5035 agirissimus
1195 4963 1290 5032 juder,
1308 4979 1362 5034 otto
1377 4964 1463 5033 possit
1474 4977 1536 5019 esse
1550 4972 1688 5019 tractatus.
1710 4961 1745 5018 Et
1759 4964 1814 5019 ulia

200 5058 345 5116 Petiliunus
376 5060 514 5133 episcopus
542 5061 640 5117 dicit:
671 5061 766 5117 [licant
800 5071 961 5130 exceptores
1014 5072 1103 5113 mnan.
1119 5055 1254 5111 Enrerilus
1266 5055 1410 5127 episcopos
1421 5056 1577 5126 recognovi.
1594 5054 1762 5112 Marcellinus
1773 5058 1812 5112 nir

163 5151 272 5227 girando
285 5153 385 5209 edituri
406 5164 468 5209 sunt
481 5162 569 5226 gesta.
585 5153 620 5209 Et
634 5155 688 5211 aliu
704 5170 794 5209 ιιιαιιιι.
813 5153 963 5209 Petilianus
1013 5149 1174 5206 clarissimus
1187 5148 1338 5203 tribunusct
1352 5148 1469 5227 notarim
1481 5148 1565 5204 dicit:
1581 5147 1702 5221 Septimo
1718 5150 1813 5206 iduum

165 5244 309 5315 episcopus
327 5247 484 5316 recognovi.
502 5246 669 5303 Marcellinus
684 5248 723 5302 uir
740 5245 898 5301 clarissimus
917 5246 964 5300 ni·
1015 5241 1158 5299 tontarorn
1170 5240 1215 5295 die
1230 5239 1371 5295 matutinis
1389 5239 1464 5296 boris
1477 5239 1556 5297 robis
1569 5249 1645 5312 gesta
1663 5240 1813 5297 tradentur.

166 5337 250 5392 hunus
264 5346 290 5392 et
308 5339 425 5393 notanus
446 5338 530 5395 dicit:
548 5339 715 5411 Exceptorcs
729 5337 839 5410 quarrdo
852 5347 966 5409 possunt
1018 5335 1125 5393 Edicite
1138 5344 1228 5391 utrum
1241 5333 1293 5389 alia
1307 5334 1362 5397 die,
1376 5333 1401 5390 id
1412 5342 1465 5401 est,
1477 5341 1554 5390 sexto
1561 5334 1653 5390 iduum
1664 5333 1817 5401 laniacum,

165 5428 195 5483 ln
205 5425 314 5483 schedis
333 5438 408 5500 gesta
427 5430 562 5487 conscribi
576 5430 718 5487 etedenda
739 5430 887 5501 compleri,
911 5428 968 5485 cdi·
1019 5426 1117 5484 adesse
1130 5425 1277 5498 dignemini
1296 5433 1325 5480 ut
1346 5426 1495 5497 principale
1509 5427 1645 5498 negocium
1661 5437 1813 5498 peragatur.

168 5535 232 5578 cere
242 5537 296 5578 non
310 5533 460 5581 morentur.
474 5523 583 5580 Hilarus
594 5536 714 5595 exceptor
723 5524 804 5578 dicit:
818 5522 966 5580 Sicutcon·
1021 5518 1150 5574 Emeritos
1165 5520 1300 5589 episcopus
1317 5517 1403 5573 dicit:
1422 5516 1564 5574 Aderimus
1578 5517 1611 5572 ad
1630 5517 1778 5587 iudicium,
1794 5515 1819 5571 si

168 5629 266 5672 serrsns
276 5618 391 5674 amnuit
409 5627 586 5686 utrnrtnngue
599 5617 732 5684 partium,
751 5615 813 5671 doru
828 5618 854 5671 in
868 5615 970 5671 scbeda
1021 5629 1081 5684 quin
1097 5612 1193 5668 statuit
1207 5611 1400 5677 nobillimum,
1414 5609 1557 5666 habuerint
1570 5608 1705 5665 ellectum.
1718 5603 1753 5660 Et
1765 5605 1820 5663 alia

171 5710 377 5782 prosecutiones
387 5724 451 5769 siros
465 5708 683 5779 subscripserint,
697 5715 762 5763 tunc
776 5708 969 5781 demnmndicm
1023 5722 1111 5761 orara.
1130 5705 1264 5761 Emeritos
1279 5706 1422 5776 episcopos
1433 5703 1589 5774 recognovi.

171 5801 340 5861 edendorum
355 5814 494 5876 gestorum
510 5813 653 5872 possumus
665 5800 783 5857 edicere.
1060 5799 1105 5856 68.
1130 5798 1300 5856 Marcellinus
1313 5795 1352 5853 uir
1365 5798 1524 5855 clarissimus
1540 5792 1656 5850 silanus
1668 5802 1691 5850 ct
1705 5791 1821 5849 ιιοιιιῑιιι
