4142 6175
195 258 248 314 tat
627 256 632 265 '
907 256 1144 320 blssffltnn'tio.
1794 263 1848 322 '126

196 378 256 432 riitti
269 376 399 434 Zenonem
410 376 579 452 Episcopum,
593 394 668 452 ptem
685 397 731 437 nor
741 396 775 437 es
788 382 862 449 insta
876 379 993 454 impere-
1008 386 1033 443 Α
1048 378 1186 435 ballerinii
1201 378 1308 443 litant.
1322 378 1355 433 lit
1367 418 1375 446 ,
1389 378 1416 431 in
1433 377 1550 431 umen.
1568 391 1595 446 p.
1613 375 1687 451 tta).
1700 375 1803 447 Nempe
1818 378 1845 432 in

195 471 258 526 nne
268 470 451 542 pereamus.
463 472 504 527 lta
518 471 620 529 milltes
634 470 664 528 S.
678 469 793 529 Zenoni.
809 471 913 540 Quibus
929 473 993 528 iile:
1046 471 1177 528 Coronati
1191 471 1348 527 narratione
1361 476 1403 525 ter
1421 467 1530 524 unicam
1542 466 1673 539 appellari
1690 468 1772 524 liliam
1784 467 1847 525 Cal·

197 561 229 617 tt
245 562 293 619 ilic
304 562 440 632 sermm
452 563 541 619 ments
563 578 574 619 .·
598 564 722 630 Qtttntir
736 565 811 636 pitrro
824 565 876 620 tint
890 565 996 620 nominat
1046 563 1122 631 lieni,
1138 579 1201 620 cum
1217 571 1314 633 praeter
1336 561 1439 625 liliam,
1462 558 1532 615 duos
1550 560 1633 615 etiam
1648 561 1782 617 flosculos
1799 560 1846 616 lta·

195 656 222 710 in
231 655 491 711 emmennone
508 655 541 711 de
558 656 725 712 submonente
739 672 814 728 rnen
825 671 870 711 not
884 657 970 711 nirtttr
985 673 995 712 .·
1041 658 1144 737 buerit,
1157 668 1229 712 uter
1242 656 1403 712 Gruteriana
1418 653 1607 725 inscriptione,
1630 668 1656 724 p.
1678 653 1733 710 275
1755 667 1848 710 osten-

195 745 524 817 tnmtttpeotlmitniettt't,
549 748 636 802 dieite.
665 748 701 803 Αι
720 746 995 819 insepecltatoboc
1045 749 1184 821 dentipsi.
1199 746 1690 805 NamcumGaliicnusunamtantum
1704 747 1788 803 liliam
1800 747 1849 804 lua·

194 836 353 894 Pistoriensi
377 852 430 894 rna.
452 837 511 894 laec
526 839 607 895 rerba
621 839 730 896 desunt.
748 840 875 896 Sieenim
891 840 992 897 babet:
1045 844 1145 909 buerit,
1162 843 1233 913 quod
1251 842 1336 899 serbo
1356 838 1433 896 unica
1447 840 1619 911 exprimitur,
1639 838 1692 896 boc
1712 842 1847 898 sermonis

195 928 288 985 inriiea
302 930 374 985 mila
386 931 409 986 ri
420 931 506 986 nidisti
523 928 653 987 Zenonem
678 931 846 1004 Episcopum,
861 947 936 1002 parnt
948 948 995 991 nm
1045 935 1192 1004 barbarici,
1206 949 1259 1006 qua
1272 943 1325 991 tota
1337 933 1396 989 bac
1407 934 1526 989 narratio
1536 932 1680 1002 redundat,
1692 933 1847 991 donandum

194 1037 226 1077 er
232 1025 311 1096 jussa
326 1020 404 1094 llept'a
418 1024 600 1095 perquirimus.
609 1024 642 1077 At
654 1024 700 1079 ilie
712 1025 866 1095 respondit:
879 1025 920 1081 Aa
930 1025 994 1096 puisi
1045 1037 1105 1087 est:

194 1115 265 1169 mitti
277 1114 436 1172 tttitdr’eitt.
452 1114 584 1173 Videntur
607 1117 698 1187 itanue
719 1118 754 1173 ab
774 1117 828 1174 alie
842 1116 946 1188 adjecta
961 1133 994 1175 ea
1082 1120 1160 1188 Quod
1173 1119 1281 1177 tandem
1302 1135 1355 1176 non
1375 1117 1545 1191 probandum
1561 1119 1668 1175 ridetur
1683 1137 1690 1174 :
1707 1117 1846 1174 Ettritum

193 1209 310 1273 meone,
335 1223 389 1277 tpttt
412 1211 555 1280 superius,
581 1225 681 1281 nempe
695 1220 725 1267 ui
738 1224 771 1266 ex
786 1212 897 1268 cartulis
909 1210 994 1269 Coro·
1047 1210 1233 1283 imperatorem
1243 1211 1341 1268 Zenoni
1352 1210 1549 1278 macerrimam
1558 1210 1847 1265 idoioemm‘udettrne-

196 1302 251 1354 nati
265 1298 371 1357 Notarii
380 1304 511 1369 corrosis,
523 1312 550 1359 et
562 1303 664 1359 mutilis
674 1304 710 1359 ita
723 1304 842 1359 narratio
851 1305 994 1360 continue·
1046 1314 1095 1371 ret,
1104 1313 1127 1359 et
1135 1306 1161 1359 in
1169 1305 1265 1360 Cirrirti
1275 1304 1377 1358 nomine
1386 1301 1516 1357 Erciesier
1527 1301 1846 1375 poincmetzcraggerate

193 1401 279 1460 retur,
295 1405 325 1449 ut
339 1409 390 1464 pro
404 1394 566 1451 lectionibus
585 1397 611 1450 in
626 1395 715 1451 oiiicie
730 1396 759 1453 S.
773 1395 892 1454 Zenonis
914 1397 991 1453 sulii·
1045 1399 1145 1456 dictum
1158 1396 1252 1465 luisse,
1267 1395 1402 1452 latendum
1416 1404 1469 1462 est,
1485 1408 1537 1450 non
1555 1408 1570 1448 a
1583 1393 1734 1461 Coronato,
1750 1393 1796 1450 sed
1812 1394 1846 1450 ab

191 1483 267 1540 aiens
278 1492 373 1551 esset,
387 1500 442 1542 non
457 1485 545 1542 solum
567 1501 618 1557 pro
637 1486 682 1543 dio
700 1485 787 1554 leste,
802 1487 850 1544 sed
866 1504 915 1559 pro
936 1497 991 1544 tota
1045 1489 1130 1559 ipsius
1154 1487 1430 1545 consarcinatoribus.
1457 1485 1610 1557 Ceteroqui
1638 1487 1712 1541 enim
1738 1495 1845 1541 constat

191 1577 387 1650 neuterqued
399 1579 461 1634 etin
474 1579 535 1636 aliis
548 1579 710 1637 narrationis
722 1579 992 1652 buiuslocisiactum
1048 1583 1197 1641 Gallienum
1230 1579 1449 1657 euicto-pontico
1468 1579 1614 1635 mandasse
1638 1577 1764 1650 religiosa
1785 1579 1845 1635 ioca

192 1685 263 1736 este,
277 1684 311 1727 cx
323 1669 440 1728 dirersis
454 1686 521 1729 mss.
536 1685 658 1745 apparet.
1044 1674 1205 1732 Christianis
1226 1673 1409 1738 restituendar
1431 1687 1516 1745 quare
1535 1688 1549 1725 a
1568 1670 1716 1726 verosimili
1734 1684 1787 1725 non
1803 1672 1845 1727 ri·

225 1763 384 1822 Tratitero
395 1765 500 1822 iaciunt
515 1768 651 1837 precipue
662 1766 854 1825 'l'illemoniins
869 1770 988 1836 tertiam,
1008 1764 1031 1828 Β
1045 1768 1124 1822 rietur
1137 1764 1266 1834 alienum,
1281 1773 1309 1821 ιι
1322 1764 1354 1818 D.
1380 1760 1483 1820 Zenoni
1507 1763 1688 1831 concessisse,
1704 1772 1734 1819 ut
1749 1764 1844 1819 Eeclc·
1892 1840 1894 1845 Ι

189 1873 270 1928 quarn
282 1857 417 1929 objiciunt
430 1857 537 1915 bomini
551 1858 689 1916 Brilerinii
700 1862 897 1930 conjecturam,
912 1869 942 1916 ιι
956 1876 989 1917 ea
1042 1858 1111 1914 siam
1125 1867 1305 1926 connumeret,
1330 1857 1365 1913 de
1385 1873 1438 1930 qna
1464 1858 1493 1914 S.
1518 1856 1666 1913 Praesnlem
1688 1871 1843 1915 sermonem

188 1949 246 2005 sola
261 1958 345 2008 totam
359 1950 395 2007 de
408 1950 526 2009 Gallieni
541 1951 730 2022 imperationis
749 1951 803 2007 lilia
827 1967 843 2008 a
865 1952 990 2010 daemone
1043 1950 1180 2014 babuisse,
1201 1950 1326 2019 superius
1345 1949 1472 2005 vidimus.
1497 1948 1556 2005 llon
1570 1959 1659 2006 autern
1675 1947 1702 2004 in
1716 1950 1843 2005 ornnibns

188 2042 305 2100 liberata
319 2044 501 2100 narrationem
514 2057 647 2100 corruere
660 2044 827 2100 existiment.
841 2045 931 2114 Quare
946 2048 988 2104 rel
1042 2057 1108 2098 mss.
1124 2042 1184 2098 itare
1208 2041 1392 2112 reperiuntur,
1425 2041 1525 2098 desunt
1557 2041 1629 2099 enirn
1658 2043 1684 2097 in
1707 2056 1760 2097 ms.
1788 2041 1843 2099 Ab·

186 2149 249 2191 cntn
274 2135 432 2193 iltbillonio
454 2136 482 2193 in
503 2136 615 2208 nonque
638 2134 776 2210 llbytnnto
798 2135 917 2206 Gallum,
934 2152 989 2195 non
1041 2136 1121 2193 bana
1156 2135 1186 2193 S.
1224 2135 1374 2191 salvatoris
1405 2134 1504 2191 Montis
1531 2134 1643 2201 anian,
1671 2133 1743 2205 qued
1759 2133 1843 2190 reiert

186 2227 340 2285 Gallienam
356 2229 500 2301 legendum
516 2237 610 2300 pumnt
624 2227 678 2303 (Αι
697 2228 850 2286 Gallienum
866 2245 931 2287 rere
945 2231 986 2288 le·
1041 2227 1180 2301 Upltellus.

186 2321 303 2392 gendum
316 2337 351 2378 ex
362 2319 491 2378 bobiensi
512 2337 565 2379 ms.
587 2322 703 2394 probant
716 2323 888 2380 solertissimi
901 2322 987 2379 Vero·
1077 2321 1116 2378 lle
1130 2323 1179 2377 itae
1194 2322 1274 2393 igitur
1288 2321 1416 2377 Coronati
1437 2320 1540 2376 Notarii
1554 2322 1708 2379 narratione
1721 2321 1760 2376 ita
1773 2335 1839 2376 sen·

186 2426 285 2469 nensm
298 2411 429 2486 editores)
442 2413 578 2471 retritum
591 2429 607 2470 a
621 2414 924 2487 Gallienoimperatore
942 2415 986 2470 di·
1040 2414 1160 2470 tiendum
1180 2415 1297 2472 ridetur.
1312 2412 1457 2484 Prologum
1483 2412 1603 2469 additum
1624 2427 1686 2469 esse
1706 2428 1721 2467 a
1744 2414 1836 2477 ratiis,

185 2516 295 2561 tersum
308 2504 463 2563 Gallienum
475 2507 641 2578 confingunt.
656 2506 819 2579 Coniectura
838 2509 942 2564 eruitur
951 2522 986 2564 cx
1039 2507 1112 2578 quod
1127 2505 1186 2575 ipsa
1199 2505 1227 2560 in
1241 2504 1363 2576 pluribus
1376 2518 1428 2560 ms.
1443 2503 1588 2560 diversitas
1610 2503 1715 2559 anaclet.
1733 2505 1772 2558 Er
1793 2520 1841 2559 an·

184 2612 219 2653 eo
235 2596 309 2666 oneo
328 2596 468 2654 Gallienus
486 2596 600 2654 liberata
624 2612 639 2652 a
660 2599 785 2655 demone
807 2597 862 2654 iilia
884 2613 986 2656 corona
1040 2598 1223 2669 tiquisautent
1237 2596 1366 2653 Cornatati
1379 2596 1562 2675 monumentis
1572 2597 1632 2653 sola
1642 2597 1696 2653 doe
1708 2597 1840 2652 miracula

183 2703 277 2756 aerea,
288 2706 365 2761 ιιιιι
377 2690 433 2760 ipre
446 2689 580 2746 Gallienus
596 2690 742 2761 imperator
752 2692 892 2764 copiteano
902 2703 986 2766 pertn-
1038 2688 1198 2757 aternporis
1221 2686 1319 2757 injuria
1342 2687 1451 2744 residua
1468 2686 1651 2754 remansisse,
1667 2687 1772 2744 scilicet
1788 2687 1839 2743 nri-

182 2785 239 2852 ιιι,
250 2786 354 2840 donmt't
369 2786 398 2842 S.
414 2785 590 2858 Episcopum.
613 2785 714 2841 Volunt
734 2788 881 2844 animante
899 2787 984 2845 iure.
1038 2781 1159 2837 raculum
1171 2780 1290 2838 bominis
1308 2781 1335 2837 in
1358 2780 1492 2849 Athesim,
1510 2780 1575 2837 dum
1589 2781 1709 2852 plaustro
1723 2779 1839 2837 ierrctnr

181 2879 283 2933 danem
296 2880 323 2934 in
336 2880 436 2951 pencris
450 2888 627 2935 ortromenmm
641 2877 765 2938 ilnmnnia
778 2878 984 2951 imperatoribus
1036 2872 1166 2942 demersi,
1189 2888 1221 2929 ae
1245 2888 1261 2927 a
1276 2872 1304 2931 S.
1322 2872 1431 2928 Zenone
1458 2874 1575 2939 liberati,
1600 2884 1628 2929 et
1647 2872 1837 2928 liberationem

180 2988 236 3028 nen
250 2974 330 3043 inisse
339 2972 533 3042 musmonem
547 2987 612 3029 tero
625 2973 729 3044 longea
741 2975 857 3030 veritate
868 2972 982 3041 distent,
1035 2966 1112 3023 t'ttie
1125 2966 1298 3038 imperatoris
1311 2965 1426 3023 Gallieni
1437 2980 1445 3033 ;
1458 2982 1518 3036 quae
1532 2975 1622 3022 tumen
1638 2966 1769 3022 miracula
1781 2982 1835 3024 non

180 3062 355 3136 expluribus
375 3064 492 3136 antiquis
508 3064 717 3122 numismatibus
739 3065 912 3122 manifestum
927 3075 980 3122 est.
1035 3059 1126 3116 uerbis
1148 3059 1275 3116 Coronati
1300 3070 1454 3127 enarrantur,
1480 3060 1531 3115 nisi
1561 3058 1631 3116 lortc
1655 3058 1834 3131 ortibusdam,

180 3157 357 3228 Augustusin
371 3157 474 3212 nnmmi
486 3155 577 3227 eillgie
590 3170 690 3212 curotra
711 3156 814 3213 radiata
834 3159 923 3229 capite
936 3173 980 3214 re·
997 3146 1020 3212 C
1035 3172 1096 3226 qum
1106 3154 1202 3211 eudem
1220 3157 1245 3209 in
1264 3168 1317 3210 ms.
1332 3153 1467 3224 leguntur.
1487 3153 1566 3221 Quod
1577 3154 1702 3210 evenisse
1716 3151 1834 3220 ridetur,

180 3248 295 3304 dimittis
306 3249 459 3321 inspicitur.
470 3249 604 3320 Trajanns
616 3263 724 3321 quoque
737 3249 844 3306 dnobus
857 3253 883 3305 in
899 3264 981 3304 nnm·
1033 3252 1098 3322 qnia
1109 3246 1237 3307 Coronati
1253 3247 1338 3304 rerba
1352 3248 1522 3320 interpolatis
1547 3258 1575 3304 ιι
1588 3248 1724 3319 corruptis
1737 3247 1834 3305 litteris

180 3343 236 3400 mis
249 3349 278 3398 ιι
292 3341 449 3400 Valerianos
462 3342 579 3400 Gallieni
592 3342 682 3412 Pater,
698 3341 837 3416 Gallienus
850 3356 916 3398 tero
931 3344 981 3398 tri·
1033 3358 1145 3401 sensum
1162 3342 1310 3413 perieemm
1327 3356 1381 3396 oon
1396 3341 1595 3413 exprimebant,
1619 3342 1652 3398 ad
1674 3341 1835 3396 continuan-

179 3437 233 3493 bus
254 3437 281 3490 in
306 3436 516 3493 numismatibus
538 3436 584 3492 tall
609 3451 710 3492 corona
734 3436 860 3492 ridentur
878 3436 978 3490 ornati.
1032 3437 1094 3492 dant
1110 3437 1291 3493 narrationem
1307 3435 1358 3490 alia
1373 3446 1435 3491 sunt
1456 3433 1558 3503 addita,
1572 3433 1600 3491 ei
1618 3434 1757 3506 quadam,
1772 3447 1834 3504 quae

180 3528 248 3584 llaec
260 3528 423 3583 nomismata
435 3526 546 3584 exbibet
566 3528 719 3583 lietduinus
745 3534 807 3596 post
830 3526 980 3583 secundum
1033 3545 1087 3584 non
1100 3528 1239 3600 probanda
1255 3527 1391 3596 ridentur,
1410 3528 1467 3583 liare
1487 3542 1520 3584 ea
1539 3539 1613 3598 sunt,
1629 3544 1688 3600 qua
1701 3528 1729 3584 in
1744 3528 1832 3583 omni·

177 3619 240 3677 Caii
255 3620 334 3676 Plinii
358 3627 462 3675 tomum
481 3620 588 3691 abipso
602 3619 715 3676 editum.
741 3619 775 3674 Et
788 3618 980 3674 in'numisma·
1031 3626 1083 3681 bus
1095 3621 1296 3692 exemplaribus
1311 3638 1366 3677 nnn
1379 3621 1563 3691 reperiuntur,
1586 3628 1616 3675 ιιι
1634 3636 1669 3675 er
1683 3619 1832 3676 collatione

180 3713 256 3770 riuus
269 3715 359 3770 nereis
376 3715 561 3772 liemanorttm
581 3715 777 3787 Imperatorum
792 3719 826 3774 ab
835 3717 936 3776 iacebo
946 3718 981 3776 de
1032 3734 1084 3772 ms.
1108 3717 1223 3788 quisque
1244 3717 1381 3787 corrjicere
1404 3722 1505 3787 potest.
1530 3714 1586 3770 lloc
1609 3723 1638 3770 et
1660 3715 1834 3785 inpraesenti

177 3809 228 3866 Bie
252 3810 386 3881 collectis,
409 3811 477 3868 Tab.
505 3810 542 3869 lli
568 3811 716 3882 Pupienus,
747 3812 813 3870 Tab.
839 3813 872 3869 li
894 3822 921 3869 et
943 3813 980 3869 ia
1031 3825 1096 3878 ms,
1119 3825 1201 3881 quem
1225 3808 1341 3866 fideliter
1367 3808 1831 3875 exhibemus,sioumeditoabo·

176 3900 308 3973 Plriiippi,
330 3912 406 3974 pater
419 3911 449 3959 et
463 3904 550 3970 iilius,
565 3903 633 3959 Tab.
661 3905 697 3960 it
723 3903 899 3972 liostilitnus,
927 3904 980 3962 Ta·
1031 3905 1113 3961 mittis
1128 3903 1279 3961 balleriniis
1291 3903 1458 3967 conletatur,
1476 3904 1574 3974 poterit
1586 3903 1737 3960 observari.
1759 3901 1832 3960 illitil

176 3993 241 4048 bula
258 3995 295 4051 ta
313 3994 488 4060 rEmiliauus,
511 3994 578 4051 Tab.
598 3995 635 4052 ll
650 3996 809 4053 Valerianos
835 4006 864 4054 ct
876 3997 979 4055 Gallie·
1030 4009 1119 4056 autem
1135 4000 1235 4055 certius
1256 3998 1282 4054 in
1303 3998 1397 4053 eadem
1418 3998 1574 4054 narratione
1592 3997 1725 4053 contineri
1740 3996 1832 4053 dicen-

174 4102 230 4143 nns
253 4088 348 4144 eadem
373 4103 475 4145 corona
506 4090 610 4145 radiata
646 4091 768 4163 insigniti
798 4091 975 4163 aspiciuntur.
1030 4093 1094 4148 dum
1118 4099 1173 4161 esi,
1199 4107 1280 4164 quant
1309 4107 1438 4148 coronam
1469 4105 1485 4146 a
1515 4090 1649 4147 Gallieno
1667 4092 1698 4146 Ι).
1727 4087 1831 4147 Zenoni

174 4180 272 4238 Romae
286 4180 397 4251 insuper
421 4183 448 4237 in
468 4181 623 4240 Batrbnrinis
648 4183 752 4240 aedibus
775 4184 839 4239 dum
866 4184 976 4256 antiqua
1029 4185 1167 4251 donatum,
1191 4195 1221 4240 ut
1237 4201 1273 4241 ex
1297 4183 1378 4240 uariis
1403 4184 1611 4240 numismatibus
1627 4184 1832 4254 comprobatur.

174 4283 300 4331 mmcnta
322 4272 518 4344 effoderentur,
546 4276 681 4333 numisma
701 4287 838 4347 repertum
861 4286 921 4346 est,
948 4289 979 4335 ut
1066 4275 1149 4333 ills.
1162 4276 1328 4333 Pistoriense
1344 4274 1500 4332 Eonasterii
1522 4274 1551 4332 S.
1566 4274 1677 4331 ioannis
1691 4275 1829 4346 baptiste.

176 4368 308 4424 Romane
345 4368 536 4427 Litteratomm
568 4370 757 4440 ephemerides
792 4372 856 4426 atini
895 4372 977 4440 lss'li,
1066 4371 1094 4427 ln
1109 4370 1281 4427 solemnitate
1292 4370 1321 4426 S.
1337 4368 1456 4425 Zenonis
1483 4368 1620 4440 Episcopi,
1646 4381 1673 4426 et
1695 4370 1762 4425 Con.
1788 4370 1830 4424 Ari

175 4473 239 4533 pap.
255 4462 318 4528 lib,
339 4461 471 4528 relernnt,
499 4462 585 4519 tribus
608 4462 770 4535 imaginibus
798 4463 972 4534 insculptum,
1035 4461 1159 4534 l’erprrnr
1173 4463 1234 4516 rint.
1252 4477 1261 4516 :
1276 4461 1408 4517 lionrinus
1422 4459 1502 4516 iesus
1517 4459 1660 4531 Christus,
1684 4477 1743 4516 cant
1767 4461 1831 4517 reli·

176 4567 276 4625 nempe
288 4553 436 4620 Valeriani,
452 4554 567 4611 Gallieni
582 4555 788 4627 Imperatorum,
800 4567 827 4612 et
840 4554 975 4613 Valeriani
988 4531 1016 4592 Ῑ)
1027 4558 1084 4629 ptris
1094 4555 1126 4612 de
1140 4553 1282 4621 Laudibus,
1298 4555 1326 4608 in
1337 4554 1390 4622 fine
1402 4551 1488 4607 [ιιι.

172 4646 308 4717 junioris,
324 4648 368 4703 ubi
381 4645 522 4705 Gallienus
539 4647 641 4704 radiata
664 4665 765 4706 corana
788 4649 973 4723 distinguitur.
1352 4649 1385 4704 b.
1401 4662 1505 4703 omnes.

174 4737 288 4796 Cautius
303 4739 383 4810 igitur
395 4740 423 4795 in
438 4740 520 4796 rebus
533 4738 650 4811 antiquis
664 4742 797 4813 agendum
811 4751 870 4812 est,
886 4757 975 4814 neque
1209 4743 1275 4801 Car.
1290 4742 1362 4800 Ecce
1373 4740 1506 4801 Sacerdos
1519 4740 1651 4813 Magnus:

175 4832 248 4887 enim
273 4832 363 4887 omnia
385 4833 495 4902 antiqua
528 4841 702 4889 monumenta
731 4846 871 4906 perspecta
896 4833 975 4891 nobis
1356 4855 1506 4912 flpppppg

174 4933 248 4993 sunt,
265 4924 379 4996 plurima
393 4926 540 4995 perierunt.
553 4925 668 4982 Temere
685 4926 829 4998 aliquando
842 4942 976 4999 spemun-
1216 4965 1299 5014 sm„
1310 4961 1417 5012 zenonis
1428 4960 1539 5022 presulis

176 5028 219 5074 tur
233 5019 344 5090 annuus
359 5017 599 5087 menenensis
613 5031 677 5073 rera
689 5028 763 5086 sunt,
779 5028 808 5075 ut
817 5019 843 5076 in
859 5020 909 5076 bac
921 5017 974 5076 Co·
1183 5025 1303 5088 Hymoum
1315 5023 1548 5075 Cnrisrtdeterinns

175 5111 264 5168 rrnrati
283 5112 439 5168 narratione
463 5111 616 5182 contingit:
632 5126 666 5170 eo
690 5114 789 5168 etenim
805 5114 906 5185 eapite,
920 5129 974 5186 ntro
1182 5085 1544 5209 ffiffiffivplffiffimm
1601 5121 1608 5137 ’

173 5204 306 5262 ltrlirmarl
321 5204 474 5275 putabatur,
497 5204 584 5275 magis
596 5205 751 5262 eonllrmari
771 5208 953 5277 conspicimus
965 5225 972 5272 ς
1213 5209 1260 5270 Qui
1272 5207 1470 5258 intumescentia

175 5309 235 5351 enm
246 5310 282 5351 et
296 5297 371 5351 bata
385 5295 510 5352 Gallieno
530 5295 559 5353 S.
576 5294 680 5353 Zenoni
693 5307 793 5353 corona
807 5296 879 5353 dono
899 5300 972 5366 data,
1182 5271 1536 5397 gffssgffiffel'ffrfflpw

176 5404 230 5444 non
254 5388 345 5444 omnia
358 5402 419 5459 quae
431 5389 458 5444 ln
471 5404 503 5445 ea
518 5389 692 5446 eontinentur
713 5391 785 5447 inter
804 5388 907 5446 iabulas
927 5407 972 5450 re·
1181 5396 1297 5458 Erogarit
1319 5397 1466 5457 tenporibus.

175 5479 310 5537 censenda
326 5493 387 5535 esse
400 5479 541 5538 evidenter
553 5487 701 5553 appareat,
719 5482 855 5554 praecipue
868 5498 927 5554 que
940 5485 974 5543 de
1184 5458 1569 5584 Doffisegssssffiffimm

175 5571 291 5630 Gallieni
306 5573 360 5629 itlia
370 5573 537 5630 scribuntur.
1184 5585 1417 5656 Menisminorum
1431 5584 1544 5647 gurgite,
1570 5560 1578 5586 ’

100 5715 104 5722 .
138 5719 142 5728 ,
211 5666 307 5739 Neque
318 5668 427 5723 veritati
447 5667 483 5724 de
499 5666 617 5724 Gallieni
632 5665 695 5723 litte
710 5667 868 5726 liberatione
881 5669 974 5738 cilicii,
1184 5648 1295 5758 Ρῆξξῖἑι,
1305 5642 1514 5769 ssffl'affiff'

181 5759 254 5835 qnod
267 5759 400 5820 adromnt
419 5758 498 5818 lidum
512 5776 602 5822 rtrum
615 5759 804 5820 terminarunt
821 5760 977 5834 peritissimi
1171 5770 1267 5840 ,brem
1275 5769 1377 5821 sortitae
1386 5769 1486 5830 merita,
