4142 6175
226 279 260 335 aa
927 276 1194 348 recesserant.
1425 331 1430 338 ,
1843 253 1877 338 ιι

227 403 274 449 tat.
298 394 333 450 tt
350 406 513 466 quamquam
541 391 592 449 soh
608 391 789 449 Constantino
814 401 841 448 et
866 390 1174 457 Constantiohorator
1198 396 1357 454 orttiooe5
1384 406 1447 453 ante
1468 398 1556 469 ipsum
1582 397 1723 455 lunianum
1755 400 1877 467 recitata,

227 485 328 559 templa
346 486 453 559 aperire
466 500 499 543 ac
518 485 674 543 sacritieare
694 500 749 544 non
768 486 890 555 licuerit,
902 497 963 560 post
977 487 1026 545 lu·
1079 487 1159 560 paolo
1186 498 1330 560 antequam
1345 490 1369 547 is
1382 506 1398 548 c
1411 491 1479 548 viris
1490 493 1645 563 excederet,
1659 491 1729 550 itanc
1739 493 1879 563 interejus

193 633 197 640 .
230 579 332 637 lienum
344 588 445 645 tameo,
461 580 507 650 ptri
527 577 643 636 ethnicae
657 580 858 651 superstitionis
873 580 975 637 cultum
999 580 1025 637 in
1078 579 1173 636 laudes
1188 582 1275 651 ponit,
1304 582 1377 654 qnod
1390 584 1477 655 legem
1493 586 1703 657 prromoigarerit
1717 587 1743 641 iu
1759 601 1810 657 qua
1823 588 1880 643 coi·

160 681 164 687 ’
230 673 365 741 inmersum
387 672 514 729 restituit.
531 672 565 729 ad
587 672 711 745 diagerum
727 673 911 730 Theodosium
930 683 958 729 et
972 673 1027 731 Va·
1077 689 1131 743 que
1150 673 1300 745 religionis.
1316 690 1376 746 pure
1388 676 1475 747 magis
1490 677 1618 746 placeret,
1635 676 1790 735 laenitatem
1808 678 1879 736 lece-

226 766 404 823 lentinianum
417 765 559 825 iuniorem
580 781 676 838 usque,
696 767 742 840 qrri
763 783 872 824 oorncm
887 767 1026 824 ethnicum
1078 763 1126 832 rit,
1144 775 1172 821 et
1187 766 1248 821 unis
1269 767 1380 838 magicis
1403 767 1500 831 saeris,
1523 783 1583 839 utrm
1609 771 1739 827 maledicio
1755 773 1880 829 contine·

225 861 327 918 cultum
342 859 440 915 iterum
455 858 601 928 sustulere,
614 846 668 915 ιιίιι
681 859 729 915 tta.
742 858 782 917 Ne
796 867 887 917 autem
900 868 1028 918 morcant
1079 855 1153 919 haut,
1169 856 1332 922 interdictis,
1354 866 1451 914 caetera
1469 860 1602 917 sacriticia
1627 876 1797 934 nequaquam
1815 877 1878 935 pro-

227 964 288 1023 que
300 950 335 1006 de
351 948 537 1006 victortaears
552 964 587 1006 cx
601 950 745 1007 ambrosio
759 958 788 1008 et
799 950 963 1024 Symmacho
976 951 1027 1008 Ba·
1079 947 1207 1005 hihuerit.
1224 950 1310 1020 Quam
1331 952 1495 1009 sententiam
1520 955 1620 1024 repetit
1643 955 1713 1013 idem
1735 957 1879 1027 Socmtes,

228 1046 337 1102 rooium
360 1053 517 1110 mouerunt,
532 1044 576 1101 rei
589 1059 651 1117 quae
663 1043 754 1101 alierri
772 1045 853 1101 etiarm
868 1053 1025 1116 possentcx
1077 1057 1158 1112 quem
1182 1044 1281 1114 templa
1304 1042 1484 1100 suh-loriano
1504 1045 1596 1101 clausa
1617 1056 1760 1104 testantem
1775 1048 1882 1105 audiri·

226 1139 342 1195 Socrate
353 1148 381 1193 et
395 1136 707 1208 Titeodoreto,goorum
722 1137 791 1192 alter
804 1136 852 1192 iih.
865 1151 895 1192 ιιι
908 1134 1025 1207 capet,
1080 1151 1159 1204 rnos;
1174 1147 1202 1193 et
1217 1136 1431 1193 honorationem
1456 1146 1585 1207 praetereo
1606 1138 1694 1203 alieri,
1708 1155 1770 1195 nam
1788 1139 1879 1197 istria·

225 1231 295 1287 altcr
304 1244 370 1288 uero
384 1229 431 1286 lib.
443 1244 527 1300 neap.
540 1229 576 1284 ld
590 1227 794 1296 illst.,ioriano
803 1226 904 1284 loliani
917 1242 1028 1283 succes·
1078 1242 1131 1283 nus
1144 1227 1191 1283 lih.
1205 1243 1246 1295 ιιι,
1268 1243 1328 1299 cap.
1342 1227 1387 1294 25,
1410 1229 1437 1283 id
1452 1230 1501 1284 sili
1514 1241 1693 1302 proposuerat,
1708 1241 1737 1287 att
1750 1233 1877 1289 dissiden-

227 1338 290 1381 sore
312 1326 463 1392 imperante
478 1324 577 1392 templa
598 1319 699 1393 ubique
715 1320 825 1377 occlusa
838 1320 942 1376 diserte
959 1319 1027 1375 scri·
1078 1321 1144 1375 tium
1154 1321 1245 1394 jurpia
1260 1321 1392 1377 blanditiis
1406 1332 1429 1377 et
1447 1323 1498 1377 leni
1509 1325 1643 1378 amomum
1658 1325 1824 1395 persuasione
1834 1341 1880 1381 aa·

227 1417 295 1473 horit
310 1433 317 1471 :
334 1417 405 1472 lianc
421 1414 646 1486 propositionem,
672 1429 725 1485 noa
747 1413 837 1471 adhoc
855 1421 916 1484 post
926 1412 1026 1470 iuliani
1077 1411 1216 1482 stiupsteret
1231 1413 1385 1484 :medatem
1406 1429 1434 1469 se
1448 1416 1543 1468 nemini
1553 1415 1669 1481 omuino,
1682 1416 1874 1488 qualiscumque
1951 1457 1953 1460 ψ

228 1518 344 1567 mortem
360 1509 499 1565 ethnicum
525 1508 627 1565 cultum
642 1506 798 1575 aliuttandiu
813 1507 1026 1564 licuissecontra
1078 1502 1140 1574 fidei
1150 1513 1225 1571 esset,
1240 1506 1382 1560 molestiam
1396 1505 1577 1561 exhibitorem.

226 1600 336 1660 Baromi
359 1600 523 1674 hypothesin
544 1599 751 1666 affirmavimus,
772 1598 925 1655 loculenter
947 1595 1027 1653 rrohis
1114 1597 1194 1651 hono
1208 1596 1329 1652 nondum
1349 1597 1459 1653 eroiuto
1471 1596 1601 1654 lorianus
1618 1597 1689 1655 diere
1703 1598 1781 1668 obiit,
1795 1599 1876 1672 eique

226 1694 399 1752 statuendam
407 1694 594 1766 intelligimus,
606 1708 668 1752 com
680 1693 830 1764 presertim
844 1690 943 1751 exinde
954 1691 1026 1747 duc·
1079 1686 1283 1743 Valentinianus
1294 1687 1436 1757 suffectos,
1450 1690 1496 1761 aui
1508 1691 1652 1747 Valentem
1667 1690 1779 1748 tratrem
1795 1692 1880 1763 impe·

227 1790 294 1846 toris
318 1798 425 1846 aetatem
449 1787 614 1845 certioribus
634 1787 767 1843 limitibus
801 1785 1026 1843 circumscribere
1041 1779 1111 1845 Brii
1121 1779 1248 1836 comitem
1259 1782 1416 1853 amonrpsit.
1427 1781 1475 1838 ille
1485 1791 1575 1838 antem
1588 1784 1775 1840 testezosimo
1783 1785 1830 1842 lto.
1840 1801 1879 1855 rr,

224 1885 342 1941 manime
355 1883 482 1955 pendeat.
497 1882 526 1938 ld
545 1890 634 1938 sutem
656 1888 686 1937 ut
698 1888 844 1946 statuatur,
857 1878 989 1950 quidquid
1009 1894 1024 1933 a
1076 1889 1138 1947 cap.
1153 1877 1181 1936 5.
1196 1875 1273 1931 iuitro
1288 1877 1393 1947 imperii
1406 1878 1447 1934 sni
1457 1888 1582 1933 nocturno
1593 1895 1667 1934 sacro
1678 1881 1734 1950 fieri
1748 1879 1879 1947 prohibuit

226 1976 324 2034 iuliani
335 1985 423 2031 morte
437 1973 471 2029 ad
486 1973 613 2045 liagomn
628 1970 812 2027 Theodosium
824 1969 860 2026 de
871 1969 981 2041 templis
993 1985 1026 2027 ac
1077 1967 1193 2039 (utsane
1204 1967 1302 2025 iactum
1313 1969 1437 2026 uidemus
1449 1971 1536 2041 primo
1546 1971 1650 2042 imperii
1660 1972 1718 2043 eiras
1729 1986 1801 2028 anno
1811 1971 1877 2041 tot,

227 2065 370 2124 cassiteras
384 2063 523 2123 decretum
540 2072 592 2131 eal,
608 2061 704 2135 ituris
717 2059 847 2133 colligere
858 2070 887 2117 ct
899 2059 1024 2117 enimsd·
1077 2057 1169 2131 lagei
1187 2060 1220 2116 de
1234 2059 1362 2132 liolepcis
1374 2073 1398 2117 et
1413 2061 1602 2119 Metlmnutieis
1616 2064 1685 2121 cod.
1700 2064 1835 2137 Theoti),
1852 2076 1880 2122 at

225 2168 334 2216 uertere
348 2163 498 2246 oporffrct.
1077 2152 1202 2209 hortante
1217 2151 1381 2211 Praetextato
1399 2158 1487 2228 peragi
1510 2174 1540 2213 ea
1562 2159 1621 2225 rite,
1636 2160 1660 2213 ri
1670 2160 1734 2232 legis
1754 2176 1810 2217 suoe
1822 2178 1880 2218 css-

266 2249 335 2325 [ntr]
349 2250 482 2308 lorianos
506 2243 625 2319 optimis
634 2244 801 2304 christianus
811 2247 903 2303 statim
917 2260 950 2302 ac
962 2255 1026 2319 post
1077 2253 1160 2314 sante,
1175 2248 1308 2318 permisit:
1325 2247 1363 2303 ita
1377 2258 1459 2309 tomen
1474 2259 1503 2304 ut
1525 2251 1612 2306 omnin
1624 2254 1763 2309 emendum
1782 2257 1883 2327 possim

226 2342 362 2400 lulianum
372 2342 522 2413 imperator
535 2339 706 2417 renuntiatus
715 2333 841 2408 luit,eum
854 2339 1025 2410 coperimento
1076 2338 1284 2404 consuetudines,
1297 2340 1387 2410 quotes
1404 2341 1436 2396 oi
1457 2342 1532 2397 initio
1548 2344 1668 2415 tuisserrt,
1685 2347 1878 2417 perficerentur.

226 2434 368 2500 didicisset,
392 2431 693 2506 inquttsmomenost.
709 2446 735 2487 tr
758 2445 819 2502 cap.
835 2432 863 2496 5,
878 2428 977 2485 issilei
993 2430 1025 2484 oi
1076 2431 1206 2503 Equidem
1227 2433 1353 2489 Socrates
1374 2434 1427 2494 lih:
1448 2449 1485 2500 rr,
1496 2450 1556 2505 cap.
1582 2435 1630 2503 29,
1654 2436 1875 2496 Valentinianum
1944 2417 1950 2426 ⁶

226 2528 366 2584 decessoris
378 2527 419 2583 stri
432 2527 591 2597 impietatem
604 2526 717 2581 inuectus
730 2540 785 2581 esse
804 2524 963 2579 celontitotes
975 2523 1026 2577 im-
1077 2521 1143 2577 nulli
1164 2533 1250 2592 secte,
1271 2540 1317 2579 nee
1336 2524 1455 2599 relipioni
1470 2526 1615 2582 inolestiom
1631 2529 1774 2586 eeliluisse
1787 2531 1877 2601 prodi·

227 2622 300 2692 perio
315 2620 446 2687 Romano,
459 2618 673 2674 nitriicerrctstus
685 2619 789 2687 scripsit
800 2617 941 2673 rectoribus
956 2615 1024 2672 Pro·
1076 2611 1127 2668 dit.
1149 2613 1221 2669 idem
1245 2614 1327 2673 tradit
1343 2617 1499 2686 expressius
1512 2628 1666 2676 coaetaneus
1691 2621 1877 2680 valentiniano

225 2716 380 2782 eincierem,
395 2722 424 2768 ut
437 2713 465 2768 in
478 2713 601 2769 ecelesias
615 2716 788 2782 contenirent,
804 2723 828 2769 et
847 2714 962 2769 dietam
976 2730 1026 2769 pp.
1077 2705 1361 2775 scriptorhmrnisous
1371 2706 1541 2767 Marcellinus
1551 2711 1598 2767 iili.
1613 2727 1677 2779 ιιι,
1689 2713 1794 2784 capii:
1810 2713 1878 2770 Pos-

225 2825 284 2863 nten
304 2805 417 2864 studiose
438 2806 562 2873 colerent,
582 2806 715 2878 solempne
728 2804 935 2862 Christianorum
947 2807 1025 2877 fidem
1077 2806 1157 2852 tremo
1177 2797 1224 2852 hoc
1237 2800 1411 2856 moderamine
1425 2802 1584 2874 principatus
1606 2803 1738 2872 inclaruit,
1752 2806 1823 2877 quod
1834 2806 1875 2862 iu·

226 2898 354 2954 Romam
367 2913 422 2953 me
433 2900 614 2953 metandam,
630 2894 698 2953 Cum
720 2897 774 2952 hoc
787 2896 932 2954 Sogomeni
947 2900 1024 2956 testi.
1076 2896 1114 2943 Μ’
1126 2889 1280 2962 religionum
1291 2891 1449 2949 (fidedelium
1463 2894 1563 2949 utedt'tts
1577 2895 1655 2960 slrtt't,
1670 2913 1715 2952 rtet
1723 2913 1875 2969 quemquami

228 2990 322 3048 monio
336 2990 467 3056 concinit,
483 2990 555 3062 qood
578 2991 605 3045 in
619 2989 738 3046 ilistorla
755 2990 790 3046 ad
800 2990 977 3048 Athanasium
992 3007 1026 3050 ac
1075 2980 1235 3050 filimi·
1250 2998 1329 3050 Mile
1338 2995 1366 3038 θ’
1380 2984 1428 3038 '⁰⁰⁶
1440 2985 1566 3042 animetur
1575 2989 1719 3057 thetim,
1731 2999 1775 3044 till
1787 2990 1855 3046 illed
1868 3006 1878 3047 ··

227 3101 273 3143 res
282 3083 481 3143 Alexandrinas
494 3084 647 3157 pertinente
655 3092 683 3141 et
692 3094 792 3156 quarto
803 3084 904 3141 secolo
912 3084 1023 3156 scripta,
1076 3089 1122 3128 Μ
1137 3073 1282 3129 l'llmffl‘i‘l'i
1302 3075 1444 3134 ’illumin‘
1470 3077 1642 3151 'lbi'oelmm
1661 3082 1783 3138 ‘mmm
1796 3082 1831 3137 ld
1850 3083 1879 3139 fd

229 3193 309 3251 guam
325 3193 406 3235 ems.
417 3175 534 3250 Capituli
546 3176 712 3234 Veronensis
722 3178 845 3234 concinis
858 3178 1024 3235 nosterilal-
1038 3173 1061 3237 C
1076 3167 1145 3239 illia
1162 3167 1219 3238 ‘W
1241 3166 1334 3235 wilti»
1348 3169 1500 3238 inclinatur,
1521 3171 1567 3227 “d
1588 3173 1755 3229 inultm·
1775 3174 1878 3245 ’Μ’

228 3270 297 3328 icius
323 3269 470 3341 publicarit
492 3280 558 3325 tom.
575 3285 604 3325 ιιι
617 3270 760 3326 tlhserrat.
774 3269 884 3337 hister..
896 3285 971 3325 nom.
995 3270 1024 3339 8,
1076 3256 1125 3312 ¹¹⁰⁸
1144 3267 1241 3329 lilim,
1263 3268 1292 3313 ¹⁴¹
1310 3261 1416 3329 “leffi-
1437 3260 1506 3330 0⁰5¹·
1521 3263 1579 3332 59⁸0
1597 3278 1705 3334 ll¹¹⁰li¹¹0
1727 3263 1877 3336 imperator

228 3377 290 3435 pag.
304 3361 351 3428 il,
372 3362 408 3419 de
430 3362 483 3417 hoe
502 3360 598 3418 eodem
613 3358 828 3419 ioriaui'edieto
850 3362 965 3419 traditor
982 3362 1025 3421 his
1077 3349 1109 3404 Β·
1125 3348 1221 3406 9⁰⁰⁶·
1234 3349 1337 3407 Tim·
1350 3350 1483 3426 demtis·
1496 3363 1522 3408 et
1531 3354 1672 3411 mim-²
1687 3357 1877 3431 Amilffll'tlmr

225 3453 318 3512 perpes
328 3472 337 3511 ς
349 3453 476 3526 smmis
487 3470 574 3509 mem
587 3452 746 3519 Taetrum,
758 3455 784 3511 jd
794 3461 837 3511 pst
848 3453 893 3511 (150
907 3455 943 3511 ιι
957 3469 1026 3528 seps
1076 3443 1172 3515 iniquit,
1197 3461 1243 3518 epo
1257 3447 1355 3500 nullom
1369 3462 1427 3502 cetto
1446 3447 1632 3518 maleficiorum
1655 3451 1754 3507 caussis
1774 3451 1876 3518 haime,

227 3546 342 3604 remorta
356 3562 400 3600 aar.
422 3545 486 3612 ιιι,
502 3547 667 3617 appreensis
688 3544 900 3602 deauratarum
914 3547 1026 3602 numne·
1076 3539 1334 3611 conenit-neuter
1349 3556 1359 3594 τ
1372 3554 1454 3611 recte
1476 3542 1571 3611 ipsam,
1593 3551 1640 3596 eet
1655 3541 1735 3597 auen
1750 3553 1874 3615 precem

224 3650 286 3698 rent
300 3641 334 3697 ad
356 3639 497 3713 Olympum
509 3643 670 3712 prefectum,
686 3651 713 3695 ut
726 3650 826 3695 tuntum
847 3638 919 3696 Deus
941 3642 1024 3697 eppei.
1076 3647 1225 3687 concessam
1245 3650 1261 3688 u
1280 3634 1424 3707 utojom'ists
1437 3635 1586 3706 religionem
1606 3652 1687 3709 pertus
1700 3652 1755 3692 esse
1766 3635 1878 3691 arbitror

224 3749 270 3790 stes
287 3732 387 3788 coletur
398 3742 422 3787 et
436 3729 564 3797 Christus,
584 3740 610 3787 et
624 3741 653 3787 ut
666 3732 692 3786 in
712 3732 824 3787 melesiis
838 3732 987 3806 colligentes
997 3750 1026 3790 se
1076 3725 1200 3781 crimini&
1218 3724 1304 3782 Testes
1317 3737 1376 3782 ssat
1392 3729 1460 3799 leuet
1474 3745 1491 3783 tt
1504 3744 1545 3782 me
1554 3730 1583 3782 t'tt
1592 3730 1699 3785 merdic
1713 3729 1816 3800 imperii
1827 3731 1877 3784 m'et'

225 3824 316 3898 populi
328 3823 455 3880 calcitrent
466 3823 628 3896 religionem.
638 3823 782 3881 flaeaotem
794 3823 901 3881 lariani
914 3825 1023 3893 littera,
1076 3818 1161 3884 dssloe.
1180 3818 1271 3889 illim
1290 3820 1442 3892 “diffisum
1457 3821 1527 3893 guod
1551 3823 1637 3875 ttftw
1650 3822 1807 3887 militm.
1832 3838 1876 3878 σθ-

224 3920 277 3977 egga
291 3932 342 3990 ppo
355 3916 517 3975 christianis
536 3917 618 3984 dam,
642 3932 696 3974 pop
719 3927 810 3973 tamen
830 3918 872 3974 ιρι
893 3916 1024 3974 aaronem
1076 3908 1147 3963 leudi
1160 3908 1241 3964 libera
1254 3910 1366 3981 facultas
1379 3912 1532 3967 triiutoest.
1547 3911 1617 3969 hitto
1627 3912 1751 3970 lattdotur
1765 3930 1780 3967 ι
1796 3912 1874 3984 Sym·

223 4024 345 4083 paganos
366 4010 439 4067 edin
460 4009 515 4067 atini
539 4020 662 4081 mppr,
684 4009 757 4066 unda
777 4008 844 4065 nihil
867 4025 901 4065 ιχ
924 4008 977 4065 tnta
997 4011 1024 4064 tp
1076 4000 1173 4057 rnaclro
1192 4003 1288 4074 gentili
1312 4003 1421 4060 homine
1444 4005 1471 4077 ip
1489 4003 1578 4060 ilelat.
1598 4004 1632 4061 ad
1657 4006 1873 4063 Valetrtiniauom

225 4102 445 4161 theodosianum
460 4103 583 4159 codicem
606 4102 685 4158 titolo
705 4101 740 4159 de
755 4100 871 4174 Peperit
891 4101 1023 4158 insertum
1075 4091 1226 4162 iuniorem,
1242 4110 1317 4151 nilm-
1334 4097 1391 4153 30²
1403 4097 1447 4164 ¹7,
1467 4107 1494 4152 ⁰¹
1507 4096 1538 4154 S·
1553 4096 1714 4155 Ambtotllss
1733 4101 1813 4170 tuiti·
1828 4101 1873 4165 ¹7,

222 4196 284 4253 gurg,
300 4195 336 4252 gp
347 4196 521 4267 imperatoris
535 4207 626 4253 mppr„
646 4197 714 4252 ,ηις
729 4195 792 4251 prpe
804 4195 921 4268 mppria,
936 4210 1023 4267 quen.
1075 4200 1150 4241 noun.
1166 4185 1210 4253 tu,
1226 4186 1415 4245 Valentiniano
1430 4189 1533 4246 seniori
1547 4190 1683 4261 objectum
1696 4189 1790 4257 relert,
1802 4192 1874 4262 qood

224 4298 281 4348 tum
295 4291 401 4347 scilieet
412 4290 569 4347 christianae
582 4291 633 4346 soli
648 4289 712 4347 lidei
731 4289 862 4346 adsersus
878 4288 1018 4345 ethnicum
1076 4277 1218 4334 Gentilibus
1229 4280 1416 4336 conniventiam
1427 4282 1605 4354 praestitissem
1615 4292 1643 4338 et
1655 4283 1681 4336 in
1694 4296 1740 4352 tlt·
1753 4282 1875 4354 ¹SSittt·

222 4385 324 4441 cultum
338 4384 469 4451 deierret,
485 4383 544 4441 tert
556 4383 653 4455 potuit,
667 4393 695 4439 ιιι
707 4383 824 4456 gentiles
835 4383 978 4439 adeersum
992 4398 1023 4441 sp
1074 4369 1162 4427 machi
1175 4371 1336 4430 relationem
1349 4374 1487 4441 releilens,
1503 4390 1555 4446 pua
1568 4373 1674 4432 iuniori
1685 4375 1875 4432 Valerttioisoo

124 4474 126 4479 '
221 4475 296 4546 leges
307 4475 454 4531 ah-eodern
469 4475 633 4546 imperatore
643 4476 718 4531 breui
734 4475 869 4554 lerehdm,
885 4475 929 4532 rel
944 4483 1022 4533 rete·
1075 4465 1306 4536 predecessorum
1322 4469 1523 4525 conniventiam
1548 4468 1706 4525 imitandam
1726 4485 1874 4542 promae

152 4556 164 4573 ⁴
220 4581 266 4625 ree
280 4567 460 4624 restituendas
484 4569 613 4626 timerent
627 4575 672 4625 :et
697 4568 761 4624 hinc
782 4568 851 4624 ltrrte
870 4569 970 4634 evenit,
992 4575 1021 4623 ut
1032 4572 1060 4633 1)
1072 4567 1136 4613 ‘³2³
1154 4559 1273 4629 sienim,
1288 4562 1373 4632 intuli
1388 4577 1415 4617 ¹¹·
1429 4561 1475 4627 59,
1491 4577 1538 4633 itti
1552 4563 1750 4619 ssisdumteem
1761 4564 1876 4635 peretum

221 4660 311 4719 endem
336 4668 450 4733 tempore
481 4659 569 4731 (quod
597 4658 681 4716 tradit
717 4660 845 4717 Socrates
874 4659 943 4716 libra
973 4676 1017 4726 m,
1073 4669 1162 4708 eorum
1185 4654 1418 4711 dissimulationem
1440 4653 1596 4726 Principem
1620 4656 1805 4726 predicarent,
1829 4658 1875 4727 ptri

221 4767 282 4825 cap.
296 4751 344 4824 et)
362 4761 455 4807 cenete
476 4752 611 4824 prutilium
629 4751 724 4821 templa
743 4742 836 4823 eligite
854 4751 1019 4829 occludereu-
1073 4763 1131 4803 cum
1142 4758 1225 4803 essem
1239 4747 1390 4815 Christiani,
1405 4749 1506 4805 decreto
1521 4759 1606 4804 temen
1620 4751 1755 4822 pandum
1771 4752 1875 4808 miritae

222 4852 265 4899 tter
277 4860 288 4899 .·
299 4845 399 4914 ipsique
418 4844 565 4899 denronatm
583 4843 729 4899 sacerdotes
745 4842 824 4898 soriis
844 4845 871 4897 ira
887 4844 962 4910 locis,
976 4845 1019 4901 udi
1072 4849 1244 4906 reuerertsut,
1264 4851 1362 4909 penato
1375 4844 1457 4916 inopis
1481 4846 1564 4898 emori
1578 4842 1653 4899 uetes
1666 4845 1803 4914 fraterne?
1813 4845 1876 4905 ,Va-

222 4937 328 5008 poisque
341 4944 451 5006 poteret,
479 4950 535 4990 sese
546 4933 668 4991 adiment
693 4932 777 5008 (quod
789 4940 879 4988 tameo
894 4948 947 4988 nott
959 4932 1019 4990 sine
1072 4931 1213 4987 lentiniaoi
1224 4932 1343 4988 innitaris
1356 4932 1440 4989 irater
1451 4936 1494 4990 hie
1503 4935 1706 5006 appellatosest
1718 4934 1874 5003 Gratianus,

222 5030 431 5100 exaggeratione
450 5028 539 5099 aliqua
555 5027 657 5083 dictum
676 5026 810 5098 accipito;
826 5036 919 5082 cuncto
934 5026 1018 5093 enirn,
1073 5022 1213 5079 christiani
1236 5038 1326 5079 aorem
1343 5023 1399 5098 [er]
1425 5025 1559 5097 principes
1574 5027 1671 5100 plurali
1693 5042 1809 5084 numero
1824 5041 1873 5084 ro·

221 5129 249 5178 et
261 5121 355 5193 etipse
366 5120 461 5176 stricte
471 5132 580 5191 sumpta
594 5117 739 5175 iaisissinrs
749 5127 823 5183 sunt,
838 5126 867 5174 ot
881 5132 915 5174 cx
925 5118 1019 5174 dicen·
1073 5116 1137 5183 cisti,
1154 5115 1253 5188 quibos
1270 5116 1413 5186 decidens,
1429 5119 1464 5176 de
1476 5134 1531 5191 quo
1541 5129 1599 5174 erat
1615 5121 1740 5191 questio,
1754 5129 1873 5190 pareret,

220 5212 263 5270 dis
278 5211 403 5287 patebit).
433 5211 533 5269 Eadem
550 5227 658 5284 utroque
678 5213 712 5268 de
734 5227 815 5269 eausa
832 5200 931 5269 loetum
945 5211 1021 5270 ride·
1073 5208 1185 5265 nonalii
1203 5208 1401 5280 prolectoeese
1416 5220 1529 5282 potsttttt
1552 5227 1634 5282 gean
1650 5210 1780 5268 loriaooe
1793 5221 1876 5283 atque

219 5312 264 5361 tor
292 5313 322 5361 ot
340 5303 488 5361 Christiani
513 5305 540 5360 iu
562 5303 666 5361 honore
679 5314 781 5371 essem,
807 5304 906 5376 Pagani
927 5313 1019 5361 autem
1072 5300 1280 5358 Valentinianos
1293 5302 1402 5368 Senium
1427 5304 1473 5377 nui
1494 5304 1603 5375 utrique
1615 5303 1718 5359 demeto
1731 5301 1874 5359 Gentilium

220 5398 387 5469 contemptui
401 5395 497 5462 hahiti,
511 5395 673 5469 ethnicsque
699 5397 799 5467 ternpls
814 5395 1017 5465 nonrtollorom,
1071 5393 1175 5449 minime
1187 5395 1325 5450 removisse
1337 5393 1493 5455 traduntur,
1507 5393 1689 5465 Gentiumque
1702 5394 1808 5451 coitum
1821 5395 1870 5450 mi·

221 5501 250 5550 ut
263 5492 417 5563 opinamur,
431 5488 647 5547 Christianorum
671 5489 731 5545 selo
745 5489 843 5546 alieubi
854 5487 1018 5546 ‘everterem
1072 5487 1145 5542 rainae
1166 5486 1370 5552 interdicentes,
1395 5486 1495 5555 templa
1513 5501 1546 5541 ne
1565 5484 1697 5542 sacrificia
1714 5486 1873 5557 permisisse

219 5592 274 5651 tur,
291 5584 328 5640 uti
342 5582 469 5640 Lihaniue
488 5593 558 5638 orat.
580 5581 615 5637 ιι
636 5582 775 5639 memorie
789 5580 916 5650 prodidit.
928 5578 1016 5637 Caete-
1070 5579 1278 5636 corrrincuotur.
1306 5576 1425 5641 Valens,
1451 5578 1496 5634 coi
1523 5591 1539 5632 a
1574 5576 1763 5633 Valentiniano
1788 5577 1873 5635 iralre

218 5692 278 5733 rum
291 5687 320 5732 ot
333 5677 406 5732 nulls
422 5678 448 5731 in
462 5675 523 5749 lege
534 5676 569 5732 ah
581 5691 615 5733 co
633 5678 799 5748 imperatore
812 5674 943 5732 adversus
955 5675 1012 5733 ido·
1070 5672 1189 5730 Orientis
1202 5673 1344 5743 imperium
1354 5672 1482 5727 tributum
1498 5670 1558 5737 luit,
1570 5670 1666 5729 iisdem
1680 5670 1772 5728 fratris
1787 5673 1872 5729 testi·

216 5770 304 5827 lorum
319 5769 455 5828 mdcslata
469 5768 571 5829 lactum
587 5776 689 5843 pateat,
705 5768 870 5828 Tllrroistilta
884 5768 1012 5828 ethnicus
1067 5767 1119 5841 giis
1141 5766 1240 5824 institit
1257 5764 1290 5823 ad
1314 5763 1424 5837 aliquod
1445 5774 1567 5839 tentatum
1593 5764 1684 5838 amad
1704 5764 1869 5825 Christiania
