4142 6175
183 337 254 396 1165
666 335 781 395 uesta
799 333 1028 395 (molliturus
1047 332 1353 394 mutulotooltsts.
1699 396 1702 401 ,
1763 338 1835 398 lios

179 471 236 513 non
248 457 337 512 solum
351 466 499 525 oportere,
515 468 609 511 rerum
623 454 705 512 etiam
720 454 852 527 expedire
864 454 979 524 seruari,
993 453 1019 517 Α
1032 453 1104 512 sisse
1118 452 1319 526 profitebuntur
1328 453 1461 525 epistolae,
1473 452 1630 525 primatium
1646 454 1834 512 tantummodo

178 550 285 607 scilieet
300 556 331 606 ut
346 550 518 606 interfatibus
532 548 601 605 meis
618 563 663 605 me
683 547 810 620 primitus
825 545 979 619 peremnia
1031 548 1224 621 episcoporum
1239 547 1439 620 subscriptione
1453 547 1605 620 signentur.
1630 546 1736 605 Sollicit
1757 549 1831 607 enim

178 640 385 708 subscribente,
399 639 480 696 etiam
494 652 592 695 omnes
604 637 773 710 disputantes
787 638 907 708 episcopi
922 638 979 695 suis
1030 640 1084 697 illis
1097 641 1220 714 epistolis
1234 640 1418 699 universalem
1434 641 1476 714 (ut
1496 640 1531 696 ita
1547 639 1677 713 dixerim)
1690 641 1832 715 subscrip·

178 732 205 790 in
219 731 320 791 scheda
335 732 569 804 prosecutionibus
584 731 703 788 uniuersi
717 731 819 803 absque
833 730 887 785 ulla
902 745 979 801 pror·
1029 733 1132 788 tionem
1145 732 1338 805 episcoporum
1355 733 1477 789 omnium
1492 733 1651 801 cohaerere,
1673 734 1773 804 quibus
1787 743 1830 792 to-

177 822 225 882 sus
243 822 421 881 excusatione
438 822 622 879 subscribant.
643 821 735 893 lixigit
754 822 827 877 enirn
850 820 976 877 meritum
1029 832 1086 880 lum
1096 824 1285 896 disputationis
1296 824 1421 881 ordinem
1431 823 1631 881 conferentium
1642 833 1827 898 septenorum,

115 926 119 933 ⁴
178 917 261 984 ildei,
285 925 315 973 ut
326 916 458 974 aduersus
472 932 534 975 cum
548 916 594 988 qut
611 915 809 973 assertionibus
822 914 879 971 sois
893 914 976 985 perir·
1027 929 1116 976 rutum
1130 935 1161 976 se
1176 920 1318 978 babituros
1331 935 1395 977 esse
1410 920 1595 992 promiserint.

176 1009 242 1067 dum
263 1010 333 1067 iorte
351 1009 505 1066 subducere
519 1008 632 1065 tentarit
656 1022 799 1064 assensum
815 1018 842 1064 et
854 1005 976 1062 inliciari
1064 1016 1108 1071 ll,
1125 1014 1294 1070 Marcellinus
1308 1016 1348 1069 eir
1360 1015 1518 1070 clarissimos
1528 1015 1647 1070 tribunus
1661 1022 1687 1071 et
1707 1017 1825 1073 notarios

176 1119 238 1175 qum
251 1103 367 1170 dixerit,
389 1103 471 1160 etiam
486 1099 634 1160 testimonii
650 1101 693 1156 sui
708 1099 841 1156 consistat
855 1099 976 1155 auctori·
1026 1106 1103 1161 dicit.
1130 1106 1186 1161 lloc
1212 1121 1320 1177 quoque
1342 1107 1459 1163 edictum
1473 1107 1603 1178 suscipiet
1624 1122 1723 1178 corpus
1744 1118 1820 1166 aeto·

176 1203 238 1263 tas3
262 1195 308 1252 ubi
322 1195 374 1252 soli
390 1195 498 1266 prolicit
510 1192 624 1250 uictoria
637 1191 756 1248 ueritati.
781 1190 799 1247 li
820 1200 910 1246 orclem
927 1189 975 1261 qui
1026 1213 1097 1254 pum,
1109 1196 1222 1271 nequid
1238 1209 1330 1255 quiem
1350 1198 1412 1256 fidei
1428 1200 1570 1272 plenorum
1581 1199 1706 1256 pineaque
1728 1200 1826 1262 deesse

175 1287 331 1362 excipiendi
345 1289 496 1361 [linguntur
506 1285 599 1342 officio
613 1295 712 1358 praeiel
724 1297 771 1341 808
784 1283 829 1356 qui
844 1281 973 1339 diddiloni
1024 1298 1183 1362 gestorum,
1199 1291 1398 1363 universaquae
1412 1306 1428 1346 a
1444 1292 1567 1362 partibus
1589 1291 1680 1348 medio
1703 1300 1826 1364 tempore

174 1397 243 1440 01000
253 1381 287 1438 00
297 1381 417 1454 1000010
429 1381 624 1453 1110001010οῑοῐ
633 1377 742 1447 01110110,
754 1377 836 1434 etium
848 1375 972 1448 (1001οῐ01
1023 1383 1068 1440 vel
1086 1384 1188 1457 scripta
1203 1394 1286 1452 sunt,
1299 1384 1342 1441 uel
1365 1384 1488 1442 intimata
1505 1384 1615 1457 judiciis
1628 1395 1770 1458 percurrat
1782 1390 1823 1446 ol·

112 1498 115 1503 ·
174 1476 208 1533 de
225 1476 340 1548 singulis
364 1476 488 1548 partibus
508 1473 686 1531 ecclesiastici
709 1472 821 1529 alteruis
836 1469 974 1527 debebunt
1025 1476 1129 1533 stolum,

174 1568 530 1640 adstarenotariitquurum
542 1566 609 1623 ildes
620 1581 655 1622 ne
665 1581 717 1637 qua
728 1564 837 1621 vacillet
846 1562 971 1633 ambage,
1061 1565 1106 1623 la.
1119 1566 1266 1622 Petilionus
1275 1568 1412 1639 epscopus
1421 1567 1496 1623 dixit.
1508 1566 1594 1639 Egisti
1608 1577 1701 1641 partes
1711 1577 1772 1625 tuas
1786 1570 1828 1627 uir

173 1661 296 1733 quaterni
319 1659 441 1732 episcopi
464 1660 582 1730 partium
594 1658 773 1732 singularum
789 1656 888 1715 delecti
908 1670 972 1712 suo-
1023 1661 1134 1732 nobilis,
1146 1670 1175 1718 ot
1187 1671 1216 1719 et
1229 1663 1348 1732 partibus
1361 1673 1386 1720 te
1407 1663 1508 1733 lustum
1521 1658 1638 1719 loturum
1651 1679 1713 1721 esse
1726 1668 1827 1737 promi·
1899 1726 1901 1730 ,

172 1769 233 1810 rum
248 1753 352 1826 judicio
366 1762 583 1826 praeponantur,
597 1762 626 1808 ut
640 1751 752 1809 eosdem
761 1759 925 1821 exceptores
937 1763 970 1806 uc
1022 1755 1102 1820 seris,
1120 1763 1149 1811 et
1161 1754 1271 1811 auribus
1290 1754 1406 1829 publicis
1428 1754 1598 1828 popularem.
1615 1755 1671 1813 Sed
1689 1756 1826 1829 quiahoc

173 1846 314 1914 notemus,
338 1846 459 1918 pervigili
485 1860 518 1903 ac
538 1845 656 1902 sollicita
672 1844 862 1902 obseruatione
876 1853 968 1901 custo-
984 1841 1112 1915 Bomniu
1125 1856 1187 1903 anm
1197 1862 1308 1904 causam
1322 1856 1397 1917 sunt,
1421 1863 1476 1905 non
1497 1848 1531 1904 de
1546 1863 1638 1920 causa,
1660 1849 1688 1907 id
1702 1851 1821 1922 primum

171 1939 259 2009 diaot,
270 1951 405 2011 quatenos
416 1955 477 1997 cunr
492 1939 594 1996 eisdem
608 1938 800 2011 exceptoribus
810 1952 843 1994 uc
857 1938 971 1994 notariis
1022 1948 1096 1997 tuam
1109 1940 1226 2013 petimus
1241 1933 1413 2012 potestatem,
1425 1952 1453 1998 ut
1467 1943 1490 1998 is
1505 1943 1550 2014 qui
1563 1958 1607 2000 me
1618 1945 1699 2000 acciri
1713 1945 1822 2012 edictis,

171 2034 274 2104 egressi
290 2047 339 2104 per
353 2034 448 2101 tices,
473 2030 591 2089 subinde
605 2030 707 2089 lactant
726 2029 868 2103 perspicua
882 2028 971 2102 digeri
1021 2033 1067 2105 qui
1088 2032 1123 2089 de
1143 2031 1210 2088 meis
1222 2031 1332 2089 sedibus
1339 2032 1467 2102 euocari,
1477 2033 1522 2103 qui
1534 2048 1577 2089 me
1585 2034 1705 2091 laborem
1718 2035 1823 2093 itineris

171 2123 356 2196 descriptione
375 2141 437 2197 quse
452 2125 620 2194 dictasunt,
644 2133 676 2181 ut
689 2125 868 2181 nibilominus
882 2122 970 2181 adbuc
1024 2125 1083 2197 pati
1095 2124 1265 2195 inquietavit,
1281 2125 1363 2197 petita
1374 2124 1497 2182 utroluit
1509 2121 1652 2197 proponti,
1667 2141 1820 2185 cormeum

170 2218 309 2292 episcopis
324 2218 407 2292 m
424 2220 586 2291 supradictis
603 2219 633 2275 in
647 2217 843 2290 disceptatione
858 2231 969 2273 versae·
1021 2214 1182 2273 desiderarit
1191 2215 1287 2272 adesse
1301 2215 1484 2286 presentiam,
1495 2223 1525 2272 ut
1540 2221 1662 2274 noverim
1675 2230 1765 2275 utrum
1779 2219 1823 2276 vel

171 2313 263 2381 tibus,
287 2322 408 2371 transeat
428 2315 454 2371 in
475 2315 567 2386 apices
580 2314 720 2371 euidentes
739 2312 888 2385 profligatae
904 2327 970 2385 pars
1021 2306 1085 2380 quid
1105 2306 1219 2362 debeam
1247 2305 1422 2377 respondere.
1448 2305 1483 2361 Et
1497 2306 1551 2362 {llio
1564 2323 1653 2364 utone.
1669 2308 1820 2367 Petilianns

170 2404 262 2477 aliqua
283 2407 464 2479 questionis,
488 2416 517 2464 ut
539 2408 681 2464 confestim
695 2421 726 2463 eo
741 2421 802 2463 eum
821 2405 970 2477 oseplenis
1021 2401 1167 2471 episeopus
1177 2398 1333 2470 recognovi.

169 2499 306 2572 episcopis
318 2501 439 2558 subnexa
453 2499 676 2572 subscriptione,
692 2499 811 2557 celerem
824 2507 971 2571 exspecta·
1058 2491 1103 2548 ¹5·
1120 2490 1289 2546 1100001110οε
1301 2491 1341 2546 tir
1353 2491 1509 2577 clausimus
1528 2494 1644 2550 tribuum
1662 2503 1687 2550 et
1707 2496 1824 2554 notarius

170 2591 237 2649 tium
248 2592 364 2666 publium
373 2595 495 2651 tribuant
505 2594 654 2651 notionem.
673 2594 738 2649 Post
751 2595 866 2664 primum
877 2601 969 2648 autem
1021 2581 1348 2639 01011·Ηο0000100001
1362 2582 1459 2640 000100
1473 2584 1575 2642 0001100
1589 2592 1765 2657 1000100100·
1778 2587 1822 2645 ¹¹¹·

169 2686 324 2744 collationis
334 2687 417 2757 diem,
429 2686 605 2758 descriptioni
620 2685 868 2756 subscriptionique
878 2691 970 2758 gesto·
1021 2674 1100 2731 terim
1111 2673 1184 2745 quod
1198 2675 1279 2730 0101οῑ
1293 2684 1433 2746 1000001οῑ
1446 2676 1577 2734 010οῙ001·

171 2794 251 2848 rum,
276 2780 367 2838 locum
379 2780 433 2837 diei
448 2778 641 2852 subsequentis
656 2777 757 2836 ellieiet
771 2776 968 2850 procrastinata
1058 2767 1102 2821 ll.
1119 2765 1248 2822 Rouwitu
1257 2776 1380 2840 exceptor
1392 2769 1519 2825 recitauit.
1532 2770 1694 2843 Exemplum
1708 2772 1822 2830 notariae

170 2872 308 2945 003„qu
333 2873 370 2928 pa
394 2880 425 2929 ug
445 2872 471 2929 ,ι
484 2871 550 2944 quid
569 2872 640 2928 [0110
652 2871 817 2944 procedens}
831 2867 969 2928 collationi
1021 2857 1234 2916 Donatistarum.
1250 2858 1317 2917 Post
1340 2861 1510 2919 consulatum
1523 2861 1640 2919 varanis
1661 2864 1711 2920 riri
1726 2865 1821 2921 claris-

171 2968 321 3040 supererit,
341 2966 369 3023 in
385 2966 457 3023 diem
472 2967 582 3023 tertium
596 2973 720 3022 recolorat
733 2978 857 3022 oxarpon.
882 2961 969 3021 omne
1020 2952 1082 3009 timi
1095 2961 1192 3010 octavo
1203 2953 1334 3010 kalendas
1350 2954 1445 3012 iunias
1469 2955 1564 3012 Flauio
1578 2955 1735 3014 llarcellino
1758 2958 1820 3015 uiro

170 3059 254 3133 igitur
268 3059 386 3130 spatium
401 3057 559 3117 conferendi
573 3058 694 3116 uicissim
709 3058 762 3115 dici
781 3057 861 3114 unius
884 3056 969 3117 iuter·
1020 3046 1172 3105 01000οῑ010
1190 3055 1217 3104 01
1232 3047 1373 3119 spectabili
1400 3048 1510 3106 1110000
1535 3059 1561 3105 01
1578 3051 1694 3119 0010010,
1719 3050 1821 3108 lanua·

140 3193 143 3197 .
171 3153 275 3224 capedo
287 3155 457 3226 distinguet,
484 3168 539 3226 quo
554 3155 660 3225 possint
681 3152 813 3209 inmedio
828 3160 906 3225 gesta
921 3167 968 3208 su.
1020 3142 1096 3207 rius,
1122 3141 1276 3199 Primianus
1298 3152 1326 3200 et
1349 3145 1441 3200 eaeteri
1470 3144 1583 3201 sincerae
1607 3143 1822 3203 Christianitatis

171 3248 254 3306 binde
265 3248 461 3306 subscribenda
476 3247 607 3315 describi,
622 3259 837 3304 memoratorum
853 3255 968 3317 praesto·
982 3231 1006 3296 C
1021 3234 1141 3304 01000011
1153 3241 1182 3289 01
1192 3236 1334 3291 0010010000
1348 3235 1481 3292 wimiis·
1497 3235 1821 3295 [1010011001010001000

172 3341 246 3399 laute
255 3342 389 3408 custodia,
399 3342 444 3414 qui
456 3341 509 3401 boc
520 3341 574 3398 dne
587 3357 666 3398 suum
680 3341 827 3397 metiantur
837 3326 968 3408 cilicium,
1021 3327 1094 3384 11Ιο11
1109 3336 1172 3395 1000,
1187 3341 1237 3383 000
1249 3328 1339 3385 001000
1354 3337 1401 3384 100
1414 3339 1574 3400 0001011000,
1587 3345 1621 3387 0¹
1635 3329 1750 3388 0000010
1761 3346 1822 3403 par·

172 3448 227 3490 nou
241 3443 270 3491 ut
282 3433 383 3506 aliquid
398 3434 498 3502 dicant,
510 3434 557 3490 sed
572 3434 681 3491 utdicta
693 3432 859 3489 custodiant.
878 3432 970 3488 borrec
1022 3419 1094 3476 tibus
1109 3419 1209 3477 011ῑο00
1224 3421 1412 3491 0001000100,
1428 3424 1567 3496 108Γο0000
1577 3425 1661 3482 fuisse
1679 3425 1822 3498 00000081·

172 3536 262 3582 pqum
277 3541 390 3582 gmggpgp
406 3526 480 3583 exim
502 3526 704 3597 qgggpgpiogpgppn9
729 3539 826 3581 pmngg
840 3523 969 3595 expedita
1022 3528 1085 3569 lieni
1100 3529 1135 3569 lv
1144 3512 1188 3570 die
1197 3512 1254 3571 kal.
1269 3513 1330 3571 Jufl.
1344 3516 1421 3587 clljils
1438 3518 1525 3574 1105111
1538 3507 1670 3576 {dionius
1685 3529 1713 3575 ct
1727 3535 1823 3578 01111108

172 3618 548 3690 νθῑῆιῃςθῃοᾱθιῃηώῃμς,
574 3617 690 3675 schedas
714 3617 830 3674 subinde
854 3617 971 3689 scriptas
1021 3621 1090 3679 111101
1104 3606 1239 3680 Calihassi)
1249 3610 1371 3667 curtlinct
1384 3617 1470 3667 [estes
1485 3621 1565 3680 sunl,
1579 3622 1608 3670 ei
1620 3620 1667 3671 1118
1679 3616 1822 3671 Sinceritas

173 3710 276 3781 pariter
288 3720 371 3781 atque
383 3709 567 3780 subscriptas,
581 3717 635 3764 tam
649 3710 703 3765 mei
717 3708 799 3780 sigilli
814 3724 895 3780 quarn
907 3708 969 3764 illo·
1022 3713 1078 3756 nun
1092 3700 1208 3770 ignorat.
1223 3700 1308 3757 Tanta
1332 3703 1404 3759 euim
1416 3705 1457 3759 vis
1481 3705 1658 3776 iurisiurandi
1678 3707 1716 3763 tui
1731 3707 1822 3765 edicto

172 3819 233 3859 rom
243 3812 305 3858 octo
315 3801 458 3859 custodum
468 3800 587 3870 signabit
602 3801 754 3869 impressio.
766 3799 971 3855 maximianistis
1022 3798 1070 3845 100
1081 3805 1210 3861 expressa
1224 3802 1275 3860 est,
1297 3801 1327 3848 ut
1339 3795 1461 3865 exceptis
1473 3792 1516 3852 his
1529 3812 1599 3870 quos
1611 3797 1733 3856 aduersos
1744 3800 1820 3857 rale-

175 3895 259 3951 etiam
271 3892 352 3950 edicti
364 3892 444 3963 liuius
458 3893 610 3948 innotescet
622 3891 782 3958 auctoritas,
802 3906 853 3963 qua
868 3889 923 3945 sibi
937 3890 972 3947 ab
1023 3883 1130 3941 tudites
1143 3898 1287 3956 corporum
1303 3887 1452 3945 insedibus
1467 3890 1598 3959 retinent,
1621 3904 1668 3948 aut
1688 3894 1822 3966 egritudo

173 3988 223 4045 illo
237 3985 355 4043 concilio
381 3986 532 4059 iintelligant
556 3986 780 4058 temperandum,
805 3985 878 4058 qood
900 3984 972 4041 inter
1022 3978 1322 4051 loriacomprehendit,
1333 3996 1384 4038 nec
1394 3983 1569 4055 grauissimus
1579 4000 1659 4042 senes
1669 3989 1823 4054 annositas,

172 4078 330 4137 Catholioos
347 4077 556 4149 bonatistasque
576 4078 705 4151 distingui
722 4079 756 4150 il.
772 4077 920 4150 discingui,
942 4085 972 4132 et
1023 4087 1075 4129 ncc
1093 4073 1189 4144 prolixi
1212 4073 1317 4130 itineris
1334 4075 1411 4132 labor
1436 4078 1555 4148 potuerit
1573 4077 1729 4148 probibere.
1744 4080 1822 4146 Quod

174 4168 398 4243 terricrepum,
411 4165 473 4239 lli)
488 4183 596 4224 ocurrem
612 4169 807 4239 dijudicarique
816 4168 971 4224 condictum
1024 4179 1086 4221 cum
1100 4165 1187 4221 solum
1199 4164 1316 4222 edietum
1341 4176 1404 4221 ante
1417 4181 1526 4222 causam
1540 4167 1690 4236 sulllceret,
1706 4170 1822 4227 alterum

174 4262 347 4318 clementium
360 4258 515 4331 principum
530 4260 676 4330 praeceptio
687 4260 811 4330 religiosa
822 4259 971 4325 constituit,
1024 4272 1132 4329 quoque
1156 4257 1281 4328 dignatos
1298 4273 1329 4314 es
1352 4261 1453 4326 edere,
1482 4259 1509 4315 in
1522 4275 1576 4332 quo
1588 4276 1650 4317 uum
1664 4262 1749 4319 multa
1771 4278 1822 4320 nos

175 4369 226 4413 nec
237 4355 277 4412 eis
289 4353 418 4426 opitulari
429 4353 602 4426 aliquatenus
614 4355 713 4424 posse,
734 4351 806 4424 quod
819 4353 870 4409 sibi
885 4353 973 4409 ilona-
1024 4359 1163 4418 moneam,
1177 4360 1232 4406 tum
1246 4352 1382 4422 praecipue
1396 4366 1519 4422 magnum
1527 4351 1736 4410 sollicitudinem
1748 4354 1822 4424 lacit,

180 4449 303 4505 cistarum
317 4448 427 4505 nomine
442 4446 633 4514 blandiuntur,
655 4461 715 4503 cum
730 4462 744 4499 n
757 4446 919 4501 iionustistis
933 4444 974 4500 di·
1024 4442 1088 4515 quia
1104 4457 1153 4498 nos
1164 4441 1338 4513 ipsosedicto
1352 4452 1398 4499 tuo
1413 4443 1537 4514 epistolis
1551 4446 1651 4501 nostris
1660 4445 1819 4519 adstipulari

177 4548 271 4595 cantur
285 4555 345 4596 esse
358 4540 491 4596 damnati.
519 4538 547 4595 Si
565 4539 625 4610 (pois
638 4553 672 4594 cx
694 4539 827 4609 istisque
841 4535 973 4595 aduersus
1025 4542 1153 4604 oportere
1166 4533 1306 4600 censuisti,
1320 4550 1381 4590 eum
1396 4534 1448 4591 hoc
1461 4550 1511 4591 uec
1524 4550 1583 4593 mos
1592 4537 1716 4608 publicos
1727 4538 1826 4594 lrabeat

177 4646 272 4687 orrtnes
285 4632 438 4688 rnoltiinrire
452 4631 614 4703 suspicionis
637 4630 748 4686 insidias
770 4630 876 4701 prouisa
896 4627 1077 4689 solli-Iinec
1097 4626 1218 4698 judicum
1246 4628 1422 4684 consrtetudo.
1446 4628 1503 4695 Qua
1528 4629 1562 4685 de
1586 4644 1617 4685 re
1639 4631 1823 4688 sinceritatem

176 4725 247 4792 cite,
267 4728 414 4781 constituta
428 4724 559 4792 lideliter,
575 4722 698 4779 ordinata
712 4723 873 4793 diligenter,
896 4733 974 4779 tenor
1024 4729 1098 4777 tuam
1122 4720 1267 4792 plurimum
1290 4720 1484 4788 exhortemur,
1509 4729 1540 4777 ol
1558 4722 1657 4793 prioris
1676 4723 1757 4780 edicti
1771 4724 1825 4782 ude

176 4817 256 4890 lrujus
271 4818 464 4889 propositionis
479 4815 663 4889 amplectitur,
678 4814 975 4887 (modoi'quolibetob-
1025 4822 1148 4879 seruato,
1174 4820 1288 4869 cunctos
1317 4826 1368 4869 nos
1386 4812 1420 4869 ad
1445 4822 1471 4869 te
1499 4813 1593 4869 ustuire
1616 4813 1772 4886 precipias,
1794 4826 1825 4872 ut
1880 4877 1885 4886 ¹

176 4926 287 4968 servare
303 4911 431 4978 uoluerit,
448 4926 502 4966 non
516 4909 604 4966 solum
620 4908 684 4978 quid
699 4907 734 4964 dc
748 4923 830 4964 musa
845 4921 895 4964 sua
911 4922 974 4964 sen·
1026 4906 1226 4973 quamprimum
1237 4903 1272 4961 de
1287 4920 1399 4961 numero
1412 4913 1633 4974 nostroconstet,
1650 4921 1718 4978 quos
1728 4909 1826 4965 adrer-

176 5007 225 5061 liat
238 5006 403 5071 conductor,
425 5019 517 5060 uemm
532 5003 614 5060 etiam
629 5000 693 5073 quid
706 5001 832 5057 moliatur
844 4999 973 5057 ostendit.
1026 4993 1094 5050 sarii
1103 5009 1204 5066 paucus
1218 5009 1279 5051 etse
1293 5011 1367 5067 00000
1381 4998 1485 5053 0100οῑιί
1497 5006 1572 5064 0000,
1588 5008 1618 5054 00
1632 4999 1685 5056 rite
1698 5001 1824 5058 munibus

178 5098 288 5160 Suiircit
308 5098 416 5152 interim
433 5096 567 5166 cognitori
586 5095 649 5152 talis
668 5093 846 5167 prerogativa
863 5092 974 5164 justitie
1026 5087 1160 5145 ordinatis
1180 5101 1240 5158 qua
1251 5089 1352 5145 uostris
1365 5089 1486 5159 partibus
1496 5100 1674 5162 competunt,
1689 5092 1826 5164 disciola·

177 5191 258 5262 lmjus
272 5190 494 5246 commonitionis
508 5190 581 5246 eirca
605 5191 748 5245 uniuersos
769 5187 913 5257 episcopus
934 5185 975 5242 le-
1027 5182 1065 5237 tio
1078 5181 1272 5253 subsequatur;
1287 5197 1321 5239 ne
1332 5192 1380 5238 aut
1392 5181 1480 5238 edicta
1493 5198 1524 5240 se
1533 5193 1587 5241 tue
1599 5185 1823 5243 sinceritatlslm·

177 5281 249 5337 cisse
272 5282 402 5352 pupulum
425 5281 476 5337 sibi
505 5280 591 5351 piebis
614 5279 838 5350 Gerrtiragineusis
859 5287 974 5345 testem,
1027 5283 1157 5347 pugnent,
1170 5274 1638 5349 eutnubisqoicquampraejudicet,
1654 5281 1752 5339 uterum
1765 5293 1824 5334 om·

178 5387 259 5443 quem
275 5387 339 5429 mox
355 5381 399 5430 est
412 5372 552 5429 habituros
569 5373 700 5445 jndicem.
725 5373 857 5442 Superest
870 5379 900 5425 ut
911 5376 976 5426 ante
1027 5384 1077 5426 nes
1085 5368 1179 5425 ustuire
1188 5370 1351 5440 praeceperis
1366 5411 1374 5437 ,
1395 5386 1496 5443 paucos
1506 5388 1579 5431 nene
1590 5373 1687 5431 adesse
1702 5373 1770 5431 relle
1784 5374 1825 5428 vi-

177 5466 285 5528 cuncilii
300 5465 372 5523 diem
389 5468 547 5524 universum
563 5467 676 5539 buiusce
695 5464 874 5522 ordinationis
896 5471 975 5519 teno-
1028 5461 1129 5519 dearis.
1146 5461 1203 5518 iioe
1219 5461 1291 5518 enim
1307 5461 1386 5520 decet
1408 5473 1436 5520 et
1458 5466 1568 5537 expedit
1581 5475 1612 5523 ut
1630 5467 1734 5522 eunctis
1751 5480 1822 5536 prce·

178 5573 256 5626 rem,
291 5557 539 5631 utriusquepartis
563 5558 683 5630 episcopi
708 5566 846 5626 amputata
871 5556 977 5628 penitus
1029 5555 1463 5630 sentibuscommunenegotium
1475 5560 1553 5632 pauci
1569 5560 1723 5629 loquantur.
1741 5556 1825 5628 Hujus

178 5664 258 5708 mora
271 5649 361 5708 missis
372 5651 406 5708 sd
419 5650 583 5708 dicationem
599 5663 688 5705 meam
704 5648 801 5706 litteris
813 5650 870 5705 sois
882 5649 976 5720 imple·
1029 5647 1147 5704 Notariae
1161 5663 1254 5720 parem
1268 5649 1338 5721 apud
1360 5666 1410 5708 nos
1433 5652 1603 5708 retinuimus.
1620 5646 1656 5702 Et
1667 5648 1720 5701 olio
1734 5664 1823 5704 uranu.

179 5750 256 5799 turos
270 5755 300 5798 sc
325 5755 387 5799 esse
402 5740 581 5810 promitterem
602 5738 655 5794 boc
670 5739 805 5810 precipue
827 5748 976 5809 maturato,
1028 5740 1209 5799 lanuariaoos
1223 5742 1540 5817 episcopusjsubscripsi.
1554 5740 1589 5796 lit
1598 5741 1651 5795 olio
1664 5755 1751 5797 nrorru.
1763 5739 1824 5797 Pri·

179 5843 209 5890 ttt
221 5832 327 5891 eosdem
342 5830 441 5904 qulbus
453 5830 487 5886 uti
499 5825 590 5886 omniu
604 5829 716 5901 huittsce
726 5830 807 5889 edicti
822 5846 854 5890 se
864 5846 981 5889 consen·
1029 5836 1137 5891 miauus
1152 5836 1295 5907 episcopus
1307 5836 1464 5906 subscripsi.
1633 5817 1637 5824 ’
1651 5811 1814 5834 ””“”’““’“’
