4142 6175
183 331 237 389 'trs
779 329 941 389 ntsrunm
961 328 1238 387 uonnnsrtnttu.
1780 329 1833 386 teti

181 448 250 519 rprod
261 434 622 521 reiipiosissirnosscripturas
636 445 772 501 tradiderit
786 445 823 500 uel
841 445 978 500 exusserit.
996 450 1021 508 Α
1037 424 1116 515 rupto
1138 444 1281 514 Augustini
1301 442 1380 507 loon,
1405 442 1469 499 libr
1491 453 1585 500 contra
1604 444 1834 515 parmenianum,

183 541 306 596 Omnium
328 542 396 594 enirn
418 540 588 609 interropotio
608 538 785 611 srtprratcripta
811 538 978 608 rrrnnifcstotn
1032 550 1058 593 c.
1068 538 1096 603 5,
1107 536 1151 592 ubi
1166 536 1305 593 mentione
1318 535 1387 592 lacta
1403 536 1518 592 Romani
1527 536 1621 607 judicii
1635 538 1686 594 sub
1700 538 1830 604 Miltiade,

180 643 219 688 est
232 632 318 687 nolim
329 633 470 703 scripturos
478 630 589 701 deificos
600 631 639 686 oei
646 633 771 696 intuentos,
782 630 821 685 cei
833 638 978 696 corruptos,
1032 642 1113 700 quern
1124 628 1287 684 Traditionis
1306 630 1331 700 7
1347 628 1510 685 accusabant
1526 630 1687 697 Donatistae,
1699 638 1762 702 post
1772 646 1835 688 sen·

179 724 349 778 ucliucensos
374 724 464 796 foisse.
486 720 543 776 iios
565 722 629 777 ocris
649 724 794 777 continetur
816 722 884 793 puori
904 719 981 778 Felix
1032 721 1145 777 tentiam
1160 721 1194 776 ab
1219 738 1252 777 eo
1271 721 1352 777 latam
1377 721 1435 779 baec
1458 721 1626 779 habebantur
1642 742 1649 778 z
1667 722 1756 796 thue
1769 724 1835 780 adeo

178 817 317 890 episcopas
326 816 462 889 sclipiosnt
475 815 530 870 ittis
539 814 696 884 temporibus
709 831 788 885 neque
798 830 911 889 prensens
920 819 980 887 {ne-
1032 816 1161 873 dernentes
1175 825 1234 873 rent
1257 817 1381 883 domines,
1394 828 1422 872 ut
1436 818 1559 874 ducentos
1569 818 1675 893 jndices
1689 820 1761 892 opud
1770 837 1834 891 qnos

178 910 226 975 rit,
249 924 330 978 norae
349 907 532 963 conscientiam
551 907 801 972 accommodaverit,
826 923 908 976 nepae
930 907 982 962 talc
1031 911 1092 966 uicti
1105 920 1176 979 scrut,
1197 911 1270 967 uictis
1292 910 1464 983 litipatoriins
1484 913 1590 967 credant
1603 929 1658 968 esse
1677 922 1833 988 postponen-

178 1001 280 1074 otipnid
305 1001 362 1070 pieri
381 1002 499 1076 jusserit.
514 1000 653 1070 inperitius
677 1015 692 1055 e
718 1007 812 1055 conns
837 1000 978 1056 conuictus
1032 1002 1091 1057 dos.
1106 1003 1277 1058 Existimavit
1297 1004 1401 1059 scilicet
1415 1003 1560 1069 Baronius,
1574 1004 1647 1074 qood
1661 1004 1835 1060 deducentis

178 1093 252 1164 quod
264 1092 468 1150 ltutcaecrtiant
483 1093 607 1163 epistolae
621 1094 748 1148 nonnulla
758 1092 978 1163 addidissetnni·
1029 1094 1167 1165 judicibus
1182 1096 1225 1150 bic
1249 1095 1360 1162 dicitur,
1378 1095 1515 1166 pertinere
1529 1094 1563 1150 ad
1578 1096 1722 1151 concilium
1737 1096 1835 1153 Areia·

178 1186 231 1243 bns
242 1185 326 1242 Felici
339 1187 442 1242 crimen
458 1184 626 1240 Traditionis
649 1184 849 1254 imponebatur,
866 1185 892 1238 in
918 1198 980 1239 car·

177 1278 416 1349 ccrcmcoujcctus
432 1285 485 1343 est,
501 1287 528 1334 et
542 1277 598 1332 illio
610 1276 737 1332 detentus
750 1276 837 1331 donoc
847 1274 981 1331 Constan-

178 1371 253 1427 tinus
265 1371 468 1442 annosequeuti
481 1368 617 1425 Probiana
632 1368 787 1439 proconsuli
803 1366 903 1423 AEliani
917 1384 981 1422 suc-

178 1463 281 1521 cessori
294 1463 403 1534 scripsit
423 1470 454 1517 ut
466 1478 528 1519 eum
541 1462 575 1518 ad
590 1463 750 1518 comitatum
766 1462 898 1518 mitteret.
913 1460 979 1517 lota

179 1557 226 1613 illa
248 1557 374 1613 coniecta
387 1563 450 1611 sunt
472 1553 506 1609 ab
520 1552 630 1610 AEiiano
644 1553 791 1610 Volusiano
812 1562 841 1609 et
854 1552 980 1610 Anniano

178 1640 338 1703 oorrsnlibua
352 1662 386 1702 ιι
396 1646 526 1703 kalendas
539 1647 661 1711 martias,
679 1645 732 1701 boc
742 1655 794 1711 cst,
811 1645 856 1701 die
870 1644 978 1702 decima

178 1741 272 1811 quinta
287 1740 392 1796 mensis
404 1738 543 1795 Februarii
555 1737 619 1794 anni
632 1735 751 1812 511(ιι),
767 1745 884 1809 qrratuor
902 1753 979 1795 meu-

179 1833 255 1889 sibus
266 1845 328 1904 post
338 1835 472 1906 synodum
483 1832 644 1889 Romanam.

215 1924 343 1999 Epistola
365 1923 527 1982 Corrsioutint'
549 1926 642 1997 quibus
670 1927 819 1983 Arelatense
843 1928 979 1984 concilium

178 2021 280 2075 indicit.
293 2051 327 2061 -
344 2019 445 2075 Eodem
460 2036 541 2088 antro,
553 2037 647 2077 monae
659 2023 790 2092 dugrrsto,
804 2022 924 2077 lrabitum
939 2032 981 2077 est

179 2108 339 2168 milarense
362 2111 517 2168 concilium.
544 2113 697 2183 scripserat
726 2111 920 2169 Constantinus
945 2114 980 2170 ad

178 2203 307 2260 AElairum
323 2202 372 2277 (1),
386 2220 431 2259 sen
446 2205 525 2259 otalii
541 2206 646 2275 legunt,
660 2205 814 2273 Ablavium,
826 2216 872 2261 aut
891 2206 980 2276 potios

180 2295 318 2352 AEiianum
334 2295 432 2354 birine
449 2299 658 2369 proconsulem,
681 2310 710 2355 ιιι
724 2298 898 2357 Cosilianum
914 2315 977 2355 curu

179 2390 390 2463 aliisepiscopis
409 2406 478 2461 arros
501 2392 560 2459 ipse
574 2391 720 2463 deligeret,
745 2407 851 2448 necnon
875 2392 980 2463 aliquos

179 2484 248 2538 allos
261 2499 294 2539 ox
313 2483 460 2555 prouinciis
476 2484 625 2556 Byzacena,
640 2483 828 2554 Tripolitana,
854 2483 979 2538 Numidia

179 2577 487 2648 subintromissum
499 2577 581 2632 etiarn
599 2577 705 2648 aliquus
720 2593 753 2633 cx
769 2578 828 2646 ejus
850 2575 979 2631 adversa-

178 2669 239 2735 riis,
253 2669 315 2725 data
336 2669 477 2725 erectione
493 2669 598 2739 publica
615 2683 663 2738 per
676 2667 794 2724 Africam
809 2678 835 2724 er
850 2668 979 2723 Maurita-

179 2763 253 2817 niam
275 2762 338 2818 inde
357 2763 390 2817 ad
405 2762 547 2835 Hispanias
566 2761 744 2834 transportari
754 2762 873 2833 juberet,
890 2771 918 2816 ut
939 2763 980 2817 in-

180 2861 221 2908 tra
236 2853 308 2908 dieru
323 2851 500 2909 kalendarum
519 2855 701 2925 Arrgnsrnrum
723 2855 860 2909 Arelatem
884 2868 980 2924 perro·

180 2946 277 3001 nirent.
298 2944 415 3002 Dederat
427 2947 509 3001 etiarn
533 2946 681 3016 imperator
694 2945 800 3002 litteras
823 2946 856 3002 ad
872 2947 980 3018 episco-

180 3052 240 3110 pos,
256 3051 325 3109 quos
338 3038 563 3095 sdesscconcilio
581 3037 700 3104 uolebat,
722 3039 819 3109 quibos
835 3038 981 3095 mandabat

180 3131 232 3198 eis,
252 3143 280 3187 ut
294 3139 406 3203 accepto
420 3131 527 3202 publico
547 3132 682 3197 uehiculo,
698 3132 768 3189 intra
784 3131 977 3189 kalendasdu-

1033 1194 1125 1252 terrse3
1146 1201 1209 1241 eum
1224 1196 1314 1243 tannen
1328 1188 1363 1242 de
1373 1188 1494 1244 llonrano
1508 1186 1552 1244 laic
1566 1195 1672 1260 agatur,
1691 1188 1764 1260 purrd
1787 1205 1835 1244 no-

1034 1277 1186 1334 vemdecim
1201 1287 1304 1334 tanturn
1320 1278 1392 1334 barud
1410 1278 1492 1334 dubie
1506 1279 1695 1351 cpiscoporum
1718 1280 1777 1335 luit.
1802 1284 1838 1336 nt

1032 1374 1059 1430 in
1075 1374 1194 1445 genuino
1208 1373 1351 1446 Arrgnsrini
1371 1383 1447 1430 testu
1461 1374 1633 1431 deducentis
1648 1374 1785 1446 judicibus
1795 1376 1837 1430 ni·

1032 1467 1070 1523 bil
1084 1466 1219 1534 babetor;
1246 1467 1294 1524 sed
1319 1478 1346 1523 ur
1362 1468 1519 1524 restitutum
1535 1477 1578 1523 est
1590 1483 1623 1523 es
1638 1468 1722 1523 reteri
1742 1467 1836 1524 codice

1034 1563 1161 1619 Vaticano
1186 1564 1214 1619 in
1238 1573 1374 1634 prostremo
1399 1562 1519 1619 editione
1544 1576 1658 1633 operum
1688 1562 1830 1634 Augustini

1031 1654 1084 1725 legi
1096 1653 1176 1710 debet
1190 1672 1197 1708 τ
1211 1656 1363 1726 usqueadeo
1376 1657 1574 1710 essentessent
1586 1654 1712 1720 nomines,
1730 1663 1759 1709 nt
1771 1669 1833 1707 con-

1031 1756 1072 1801 tra
1088 1746 1192 1820 jndices
1206 1746 1276 1818 opud
1299 1762 1362 1817 quot
1382 1747 1442 1801 uicti
1466 1756 1545 1811 sunt,
1566 1745 1638 1800 uictis
1660 1744 1834 1818 litipatoriius

995 1841 1148 1910 Beredant.
1168 1841 1253 1911 eranr
1270 1841 1415 1898 lectionem
1430 1840 1511 1911 hujus
1535 1839 1589 1895 loci
1607 1839 1752 1910 genuinam
1771 1852 1834 1895 esce

1032 1943 1106 2004 patet
1128 1949 1134 1986 :
1157 1948 1218 1987 narn
1246 1946 1346 1989 omnes
1371 1932 1480 1988 codices
1504 1931 1679 2001 manuscripti
1706 1930 1836 1985 omittunt

1034 2034 1171 2096 postremo
1185 2025 1268 2081 verba
1285 2041 1341 2081 esse
1360 2025 1560 2098 postponendos,
1575 2039 1636 2096 pum
1652 2040 1666 2080 ι
1681 2022 1835 2080 Louanien·

1032 2117 1107 2173 sibus
1126 2116 1232 2188 adjecta
1245 2126 1319 2185 sunt,
1333 2128 1363 2174 ot
1381 2132 1492 2173 scnsmn
1506 2117 1623 2186 aliquem
1633 2115 1791 2172 edicerent:
1807 2122 1837 2169 et

1032 2226 1093 2266 cuns
1110 2227 1161 2267 vox
1185 2222 1275 2266 contro
1299 2211 1368 2267 iorte
1383 2212 1418 2266 ab
1432 2212 1597 2266 Amanucnsi
1620 2226 1668 2281 per
1690 2208 1791 2280 duplex
1807 2225 1835 2262 cc

1031 2312 1078 2358 aot
1091 2320 1121 2365 co
1140 2318 1270 2374 expressa
1281 2286 1386 2368 inisset,
1404 2302 1466 2357 inde
1489 2302 1673 2373 conscriptores
1688 2315 1832 2357 numerum

1031 2395 1210 2450 ducentorum
1233 2393 1393 2450 effecerunt.
1419 2394 1483 2449 lluit
1502 2408 1568 2464 ergo
1590 2409 1623 2448 ex
1648 2392 1721 2448 ornni
1741 2392 1831 2462 capite

1031 2485 1140 2541 iloronii
1164 2486 1331 2557 corrjectnra,
1347 2494 1375 2539 et
1399 2485 1507 2540 aliunde
1527 2499 1669 2540 numerum
1688 2484 1832 2553 episcopo·
1897 2498 1902 2499 ⁷

1032 2592 1091 2634 rum
1106 2575 1213 2633 concilii
1227 2576 1398 2633 Arelatensis
1414 2577 1543 2648 colligere
1564 2584 1682 2646 oportet.
1698 2572 1834 2630 Constan-

1032 2672 1104 2726 tinus
1127 2670 1154 2725 in
1173 2670 1288 2739 epistola
1304 2669 1337 2724 ad
1351 2670 1509 2736 chrestum,
1525 2669 1565 2725 ait
1576 2669 1691 2739 jrrssisse
1705 2682 1736 2725 se
1750 2666 1835 2738 pluri·

1031 2779 1091 2819 tuos
1101 2778 1133 2819 ex
1147 2762 1262 2819 dirersis
1277 2777 1310 2819 ac
1323 2777 1407 2834 prope
1427 2763 1539 2817 inilnitis
1553 2762 1621 2817 locis
1633 2760 1787 2831 episcopos
1802 2761 1830 2815 in

1031 2855 1124 2911 urbem
1134 2853 1320 2911 Arelatensern
1333 2856 1401 2911 intra
1409 2853 1831 2926 llnlerrdasbugusticonvenire3

1030 2963 1091 3020 quoe
1104 2949 1186 3005 rerba
1201 2948 1345 3004 conciliant
1366 2946 1439 3003 istud
1455 2945 1533 3003 valde
1553 2961 1728 3003 numerosum
1744 2947 1828 3003 luisse

1031 3038 1157 3095 uidentur
1170 3039 1293 3095 innuere.
1318 3041 1353 3095 At
1368 3039 1485 3111 primum
1500 3038 1526 3095 in
1542 3037 1668 3096 conlcsso
1688 3046 1732 3094 est
1752 3037 1824 3109 apud

1031 3146 1127 3187 omnes
1141 3139 1252 3188 vocatos
1266 3139 1369 3187 ιιιιιιιιιι
1386 3131 1471 3187 luisse
1486 3147 1520 3187 ex
1535 3129 1691 3187 Occidentis
1711 3130 1835 3201 partibus

180 3225 249 3295 gusti
264 3225 292 3280 iu
306 3223 400 3281 urbem
424 3226 609 3281 arelatensem
631 3225 823 3293 conuenirent,
850 3241 904 3295 prro
923 3226 1014 3288 sta-c
1031 3239 1091 3294 nuso
1115 3223 1293 3280 Constantino
1318 3225 1461 3296 parebant,
1485 3232 1514 3280 et
1532 3224 1603 3280 inter
1627 3223 1737 3296 triginta
1757 3234 1832 3292 tres,
1885 3259 1888 3268 ·

181 3324 270 3373 tuerat
288 3331 323 3373 ex
342 3317 459 3374 diversis
480 3333 513 3374 ac
528 3332 611 3388 prope
625 3315 737 3374 induitis
751 3318 819 3374 locis
837 3319 979 3391 episcopos

180 3410 288 3477 adesse,
303 3419 334 3466 ut
351 3426 433 3468 causa
445 3411 582 3468 Greciliani
609 3420 636 3466 ct
657 3409 857 3466 Donatistarum
870 3410 925 3481 jarn
936 3410 981 3481 ju·

102 3544 112 3556 .
180 3504 268 3558 dicatu
286 3504 385 3561 auditis
401 3506 496 3560 iterum
526 3505 650 3576 partibus
673 3502 806 3559 liniretur.
819 3502 979 3573 Exemplum

181 3595 401 3669 lrojusepistolae
419 3597 454 3653 ad
477 3595 620 3654 Glirestttm
645 3595 845 3668 Syracusanum
871 3597 981 3667 scriptae

182 3691 275 3747 retulit
289 3690 431 3757 Errselrins,
446 3692 490 3746 cui
512 3691 610 3747 similia
626 3690 710 3746 luisse
723 3691 847 3761 exempla
862 3689 895 3745 ad
916 3689 980 3746 reli·

181 3788 403 3857 nuosepiscopos
414 3787 495 3843 missa
506 3801 555 3858 par
565 3795 608 3842 est
622 3785 744 3842 credere.
756 3784 785 3840 ln
805 3800 839 3841 eo
861 3785 933 3856 qrrod
947 3784 981 3839 ad

180 3883 326 3938 Clrrcstutn
346 3881 478 3938 directum
492 3893 543 3944 est,
560 3890 722 3951 potestatem
746 3880 783 3935 illi
802 3879 866 3936 lucit
887 3879 983 3951 adjun-

181 3973 263 4044 gendi
278 3973 328 4028 sibi
343 3971 412 4029 druos
426 3972 538 4028 secundi
551 3971 666 4038 ordinis,
679 3971 731 4028 buc
745 3981 796 4032 est.
814 3979 844 4026 ut
855 3972 982 4027 existimo

183 4065 368 4137 presbyteros,
393 4064 533 4128 diaconos,
559 4072 605 4118 aut
631 4064 699 4118 alios
725 4063 850 4128 clericos,
873 4073 901 4118 er
925 4070 981 4117 tres

182 4158 308 4215 servulos
330 4157 437 4213 itineris
470 4157 511 4212 sui
539 4156 640 4212 socios.
675 4154 749 4210 idern
775 4156 855 4211 etiam
876 4154 982 4210 catoris

182 4250 320 4320 episcopis
341 4248 475 4305 indultum
501 4262 563 4304 csse
577 4263 610 4303 cx
630 4263 664 4302 co
683 4255 800 4312 constat,
815 4248 886 4317 qnod
900 4246 982 4301 sinrul

183 4358 244 4400 corn
263 4344 398 4415 episcopis
419 4342 537 4397 concilio
563 4339 698 4394 miscuerint
723 4350 750 4394 et
771 4340 1006 4410 subscripserint·

183 4436 348 4506 presbyteri,
365 4434 469 4489 diaconi
482 4432 567 4488 etalii
583 4432 674 4487 clerici
690 4432 789 4500 plures.

220 4526 337 4581 Nomina
356 4535 380 4581 et
395 4540 515 4582 rinmunt
530 4524 708 4598 cpiscoporum
722 4521 825 4577 concilii
848 4521 983 4577 Arelaten-

1031 3331 1146 3389 quorum
1159 3316 1268 3372 nomina
1286 3317 1311 3373 in
1327 3316 1573 3388 subscriptionibus
1587 3318 1725 3386 teguntur,
1740 3332 1836 3374 occur·
1866 3345 1871 3350 ·

1031 3419 1096 3468 runt
1107 3411 1227 3481 episcopi
1240 3426 1273 3466 ex
1293 3411 1419 3467 omnibus
1429 3409 1586 3468 Occidentis
1601 3412 1734 3482 partibus,
1746 3410 1834 3477 ltalia,

1032 3501 1141 3572 Apulia,
1157 3501 1300 3565 Dalrnntia,
1314 3500 1421 3567 Galliis,
1447 3502 1605 3568 Britanniis,
1622 3502 1766 3568 Sardinia,
1789 3503 1834 3558 Si·

1033 3596 1106 3664 cilia,
1124 3596 1250 3666 lltspanin
1271 3606 1299 3653 et
1321 3596 1422 3652 birico.
1436 3595 1510 3652 Nihil
1526 3606 1618 3662 auteur
1632 3605 1706 3653 vetat
1729 3598 1836 3669 episco-

1033 3703 1083 3759 pos
1098 3698 1137 3744 ιοι
1151 3688 1319 3744 diuersarum
1341 3690 1483 3759 regionum
1508 3688 1601 3746 dicere
1619 3705 1654 3746 ex
1672 3690 1789 3746 diuersis
1801 3706 1835 3748 ac

1033 3794 1118 3851 prope
1140 3778 1256 3835 induitis
1289 3781 1357 3836 iocis
1379 3770 1570 3853 congregatos.
1608 3781 1711 3839 Deinde
1744 3792 1835 3838 utrum

1033 3886 1128 3927 ornnes
1143 3872 1262 3942 episcopi
1277 3873 1483 3929 aConstsnrino
1495 3874 1583 3929 vocati
1595 3872 1732 3931 adfuerint
1746 3874 1836 3931 incer·

1034 3972 1089 4017 turn
1114 3973 1166 4018 est.
1184 3962 1286 4032 Duplex
1309 3965 1497 4021 tarrtunnnudo
1516 3976 1722 4023 monumentum
1746 3976 1788 4023 est
1801 3983 1835 4024 er

1033 4069 1089 4125 nuo
1103 4054 1304 4126 episcoporum,
1316 4058 1361 4127 qni
1375 4057 1409 4112 nd
1424 4057 1571 4136 eorroilimn
1587 4059 1658 4114 istud
1671 4075 1835 4125 convenere,

1034 4161 1165 4202 numerus
1184 4155 1212 4202 ot
1236 4150 1345 4203 nomina
1373 4150 1478 4220 possint
1491 4151 1593 4221 colligi,
1615 4168 1713 4222 nempe
1738 4168 1836 4225 super·

1034 4239 1147 4307 scriptio
1175 4238 1297 4308 epistolae
1318 4240 1428 4295 concilii
1455 4242 1539 4310 ipsius
1564 4252 1592 4297 et
1619 4243 1836 4314 subscriptiones

1034 4329 1154 4388 concilii.
1171 4335 1206 4386 m
1220 4334 1459 4402 superscriptionis
1472 4335 1574 4389 certior
1594 4336 1757 4408 arroteritae,
1772 4353 1835 4393 nam

1034 4426 1139 4481 variant
1163 4426 1387 4496 subscriptiones,
1409 4434 1526 4497 suntque
1548 4443 1601 4481 non
1618 4443 1712 4497 parurn
1728 4442 1836 4498 pertur-

1034 4519 1106 4577 lratsu
1120 4528 1209 4591 atqrrae
1222 4506 1378 4589 corruptae}
1396 4518 1445 4574 sed
1465 4534 1514 4590 pur
1536 4522 1680 4592 utrobique
1694 4523 1837 4594 episcopo-

183 4621 228 4677 sir.
242 4620 327 4674 -lio
346 4635 459 4675 rnrnrero
472 4618 662 4688 episcoporum
684 4616 792 4672 conscilii
816 4614 984 4670 arelatensis
997 4608 1025 4668 Ι)
1038 4631 1098 4672 rum
1109 4629 1257 4678 numerus,
1276 4614 1321 4683 qui
1336 4613 1443 4682 triginta
1459 4622 1515 4669 tres
1534 4627 1588 4668 non
1606 4616 1718 4671 excedit
1736 4623 1765 4671 et
1791 4630 1837 4671 ea-

183 4723 305 4768 certatur
332 4713 402 4767 inter
428 4713 585 4782 scriptores.
607 4709 758 4766 Sexcentas
782 4707 866 4765 inisse
890 4709 984 4764 scribit

185 4803 261 4872 nom
273 4805 321 4861 sed
335 4804 403 4859 levis
416 4803 560 4857 admodum
580 4800 641 4856 ridel
656 4801 773 4870 scriptor
787 4800 814 4855 in
829 4800 881 4856 boc
899 4815 984 4871 nego·

186 4904 234 4957 rin.
248 4899 383 4955 Ducentos
398 4897 482 4953 liris-e
493 4896 644 4964 suspicatus
659 4904 699 4951 est
721 4894 854 4950 Baronius
874 4909 908 4950 ex
923 4909 984 4950 coc·

221 5064 261 5134 (a)
273 5061 331 5117 Die'
345 5060 379 5115 lii
403 5058 498 5113 munis
521 5053 676 5120 Februarii,
692 5054 754 5111 anni
772 5055 836 5111 art.
859 5054 942 5110 [locet
959 5054 986 5110 id

187 5135 352 5205 brsgrrstiuns
368 5132 395 5187 in
414 5129 484 5185 libro
506 5127 538 5182 ad
555 5128 709 5181 bonatistas
723 5135 784 5198 pust
798 5126 985 5182 collationem.

186 5208 222 5260 ,bt
237 5210 262 5259 in
277 5204 347 5259 actis
368 5203 466 5257 dicitur·
483 5197 591 5253 :ruditus
613 5195 774 5253 Caecilinnus
795 5197 926 5251 Duronuir
939 5212 986 5253 mr

187 5278 317 5334 kalendas
341 5271 509 5343 Septembris
533 5268 679 5332 Volusiano
703 5279 730 5323 et
754 5269 880 5322 Anniano
905 5267 984 5322 Coss.

187 5350 254 5416 erre
268 5355 298 5402 ut
310 5341 577 5404 concilietlialesius,
588 5340 864 5408 censetquoestinnem
876 5339 985 5392 inclina·

189 5431 242 5477 turn
260 5433 352 5472 rrrerrse
368 5414 515 5469 Februario
529 5419 557 5467 et
581 5425 674 5466 merrse
689 5412 811 5480 nopnsro
828 5408 986 5477 perlectam.

187 5496 224 5548 Λι
235 5487 336 5544 tamdiu
351 5484 533 5540 interminato
548 5481 644 5546 inisse,
659 5489 706 5536 ιιιι
721 5480 772 5536 sub
785 5480 874 5535 indice
888 5494 988 5549 pepen-

189 5562 265 5618 disse
277 5557 470 5626 cognitionem,
481 5568 562 5621 quarn
578 5554 740 5618 moguntinus
754 5564 832 5606 virent
842 5551 988 5616 diligentis·

190 5634 290 5689 sirnurn
317 5640 442 5689 examen,
457 5624 499 5676 virt
514 5621 646 5676 credibile
671 5633 727 5687 cst,
749 5636 810 5678 curu
838 5623 987 5691 pra-sortito

192 5713 262 5761 teste
275 5698 372 5767 Optato
387 5694 541 5750 mandasset
561 5692 718 5757 imperator,
735 5704 764 5747 ιιι
786 5694 888 5746 renuatis
902 5709 988 5746 rueres-

191 5774 311 5830 sitotiius
325 5766 444 5842 publicis,
462 5766 494 5817 de
507 5764 558 5816 uita
573 5759 597 5814 F
598 5762 668 5816 elicis
683 5763 850 5835 Aptunpitoni
861 5778 990 5833 puoerereff

191 5856 250 5907 nrr‚·
265 5844 361 5898 rotem
372 5836 474 5893 scilicet
490 5830 677 5901 bocjudicinrn
689 5834 840 5890 Arelatensi
856 5835 984 5903 prmrirtru

1037 4709 1099 4765 dern
1114 4708 1170 4763 iere
1191 4706 1315 4771 nomina,
1330 4716 1409 4774 arque
1427 4721 1510 4761 unum
1527 4721 1561 4762 ex
1584 4707 1670 4762 altero
1685 4707 1838 4765 illustratur

1038 4813 1066 4860 et
1087 4802 1257 4858 emendatur.
1284 4799 1314 4855 ln
1339 4798 1571 4870 superscriptione
1598 4800 1702 4871 primos
1718 4803 1839 4866 occurrit
1903 4811 1909 4822 “

1039 4895 1157 4951 ldarinus
1170 4894 1358 4962 arelatensis,
1380 4897 1502 4965 seqnitur
1515 4894 1639 4951 tenatius
1652 4937 1660 4962 ,
1680 4897 1725 4968 qui
1742 4898 1839 4958 ruelius

1039 5068 1111 5110 esse.
1126 5052 1307 5108 Verisimilios
1326 5061 1370 5107 est
1392 5050 1520 5108 nrendurn
1536 5054 1637 5111 esseio
1659 5058 1757 5126 gestis,
1774 5076 1837 5117 curn

1040 5124 1192 5196 pracsertim
1214 5124 1240 5178 in
1256 5124 1289 5178 iis
1311 5121 1431 5178 Licinius
1445 5125 1625 5181 Gorrstantino
1646 5128 1836 5202 conjungatur,

1040 5205 1070 5250 nt
1096 5195 1202 5265 imperii
1228 5194 1381 5263 particeps.
1406 5197 1452 5264 nui
1475 5197 1547 5252 circa
1562 5195 1643 5252 linem
1666 5197 1747 5271 bajus
1771 5205 1834 5258 antri

1040 5282 1100 5322 cum
1111 5265 1290 5321 constantino
1302 5265 1403 5320 bellurn
1418 5266 1513 5337 gessit,
1523 5274 1551 5322 et
1564 5269 1652 5324 rictus
1664 5272 1741 5326 estin
1754 5270 1836 5329 Ciba·

1041 5338 1107 5393 lensi
1129 5335 1221 5405 praeiio
1236 5336 1280 5391 die
1290 5344 1384 5391 οιιιιιι
1399 5334 1524 5392 Octobris
1536 5339 1691 5397 commisso.

1076 5408 1115 5481 (b)
1129 5406 1271 5477 AElofinrn.
1283 5406 1313 5462 Ιιι
1326 5409 1512 5477 ιιιιιιιιιοιὶριο
1526 5410 1621 5466 codice
1640 5412 1737 5481 legitur
1758 5413 1838 5470 AEio·

1042 5482 1094 5551 lio,·
1123 5482 1169 5535 sed
1199 5479 1272 5533 nulla
1297 5477 1378 5549 liujus
1410 5479 1482 5550 apud
1506 5489 1611 5536 veteres
1635 5485 1763 5538 nremnria
1786 5503 1793 5538 ι
1821 5501 1837 5540 e

1041 5561 1135 5607 orrnrra
1148 5548 1252 5606 nutavit
1267 5564 1365 5604 nornen
1390 5550 1505 5607 illustre.
1522 5550 1613 5606 Potuit
1625 5553 1752 5608 Auianius
1772 5563 1837 5611 toric

1043 5624 1173 5691 ronrporis
1187 5620 1311 5676 vicarios
1332 5636 1392 5676 esse
1414 5621 1520 5676 siricae.
1544 5620 1668 5676 Briluzios
1693 5624 1835 5693 legendum

1042 5706 1136 5749 cernet
1156 5690 1294 5749 AElinnnm
1317 5706 1366 5761 pro
1392 5691 1541 5761 odilonem,
1566 5693 1612 5761 qui
1633 5691 1757 5746 AElr'nrrns
1772 5704 1837 5753 tunc

1043 5761 1371 5835 procoosnrcrnnrricae,
1386 5773 1414 5815 ιιι
1427 5778 1462 5816 et
1476 5763 1571 5830 pestis,
1587 5759 1622 5816 de
1636 5762 1836 5836 qtornossuprs,

1043 5833 1114 5904 tprod
1127 5848 1179 5887 non
1191 5833 1319 5886 nititur-ret
1331 5851 1344 5884 o
1361 5831 1509 5885 verisimili.
