4142 6175
207 236 239 292 er
904 230 1171 301 emendorum.
1459 173 1463 182 “
1827 238 1862 294 nn.

209 353 328 412 inureres
343 350 439 410 eodem
463 364 521 410 nro
536 347 657 420 rigentes
672 346 740 404 satis
754 344 890 406 osterndat.
904 345 1049 414 ldeircntl
1063 347 1174 417 pritotis
1189 347 1215 404 in
1231 347 1298 406 loreis
1312 361 1405 406 sacros
1423 357 1510 406 cretus
1532 330 1675 417 baberent,
1690 349 1861 419 presencie·

207 444 338 512 adseritis
358 444 427 512 lianc
441 441 551 510 iterum,
566 448 711 512 ιιιιιιιιιιιιι
724 438 839 502 Arianos
858 441 1008 510 impugnat,

207 535 248 594 sic
261 534 359 610 citatum
372 540 452 590 tract.
469 530 486 588 b
499 530 620 604 ciusdem
634 529 682 588 lib.
696 545 715 588 ιι
730 547 737 583 :
766 528 797 586 Si
817 530 946 592 bonrinenr
966 545 1009 586 eo·

209 629 273 694 lura,
297 627 373 696 aienti
392 624 498 697 pomam
518 632 620 696 putant,
657 624 689 684 ab
715 631 788 680 utun
816 620 928 693 Vir-pinis
951 639 1010 682 tuor

206 721 346 796 sumpsisse
360 718 524 790 principium,
536 732 595 792 gud
605 732 677 788 rpes,
690 725 756 784 ete..
780 714 826 784 obi
840 715 1010 776 animadver-

206 813 288 870 tenda
304 812 472 884 potissimum
496 809 589 877 rerba,
611 809 677 866 ιιιιι
696 809 802 881 paidom
825 816 927 880 putent,
948 821 1009 878 oute

207 902 281 959 bunc
289 917 411 960 errorem
424 916 501 973 aeque
512 916 543 956 ac
557 900 685 955 driaourn
702 908 863 973 presentem
878 897 1006 958 iudicant.

207 995 303 1063 Porro,
317 995 368 1052 etsi
385 995 573 1050 irznrcticorum
589 1001 712 1049 ueterum
735 992 826 1063 plures
846 992 918 1049 burro
930 1006 1009 1049 erro·

205 1105 264 1147 rem
279 1088 447 1146 tradiderunt
469 1088 515 1160 (de
527 1086 625 1160 quibos
638 1086 700 1143 ride
724 1094 820 1141 artnot.
835 1087 853 1141 5
874 1086 900 1141 in
920 1094 954 1141 tr.
967 1082 1007 1156 d),

207 1184 273 1240 nulli
290 1193 378 1239 tannen
393 1182 503 1248 eodem,
523 1196 577 1253 prro
592 1180 686 1236 uniant
707 1179 819 1244 saecuio,
834 1193 897 1235 eom
912 1179 1009 1236 deien-

206 1272 373 1349 saront,[cri
388 1275 439 1334 nisi
452 1271 616 1340 Pirotininni,
630 1271 674 1346 qui
696 1282 725 1328 ut
745 1272 780 1328 ab
801 1270 910 1331 Arianis
930 1272 1009 1342 longe

205 1367 324 1434 abirent,
347 1368 374 1426 io
386 1381 448 1426 eam
463 1365 590 1430 lrercsirn
606 1364 747 1422 incidere:
763 1364 834 1420 unde
854 1378 907 1422 oon
920 1363 1010 1422 minos

206 1458 298 1520 Ariani
318 1458 494 1522 Photinianos
507 1473 588 1530 quaro
606 1455 760 1516 Puortntani
773 1455 887 1514 Arianos
900 1469 1011 1512 aversa-

204 1551 313 1610 bantur.
330 1549 462 1610 Catholici
477 1562 566 1610 autern
580 1549 653 1610 inter
663 1560 793 1621 utrosque
807 1548 889 1608 medii
903 1558 1008 1606 rrtrnrn-

1061 439 1116 498 sias
1154 440 1305 512 uocabant,
1327 456 1407 498 ιοιιι
1429 439 1519 497 omeb
1544 440 1718 514 publicasque
1742 442 1769 497 io
1794 455 1858 499 euru

1062 546 1139 600 rrsurn
1155 531 1229 589 edes
1252 531 1388 600 aedidcare
1415 531 1469 590 illis
1494 547 1548 592 non
1576 532 1661 589 licuit.
1694 531 1789 590 Soluto
1815 548 1864 605 per

1059 621 1267 686 Constarrtiuotn
1287 625 1491 698 imperatorem,
1512 623 1558 696 oui
1572 619 1681 680 Christo
1696 638 1795 684 nomen
1815 623 1864 690 de·

1060 714 1111 784 dit,
1121 714 1291 787 publicarum
1303 713 1481 772 eeclesiarum
1493 714 1738 778 construendorum
1750 713 1864 778 incultas

1061 815 1158 878 quarto
1174 807 1289 878 priorum
1300 806 1402 864 saeculo
1415 805 1484 864 lacta
1496 804 1547 866 soit
1562 825 1570 863 a
1586 822 1618 864 ac
1632 807 1744 878 proinde
1764 810 1865 870 ducto-

1061 916 1119 958 rem
1130 901 1164 957 de
1179 917 1249 962 nora
1261 900 1364 973 publica
1377 901 1492 966 ecclesia
1506 909 1560 966 mm
1573 900 1713 974 explorate
1726 899 1864 964 disseren-

1062 1002 1116 1052 teot
1130 1002 1193 1058 ante
1215 993 1241 1049 id
1264 993 1394 1051 seculum
1410 993 1514 1066 uixisse
1529 1008 1672 1069 perperam
1686 995 1797 1064 diteris.
1815 997 1865 1053 lli·

1062 1097 1258 1145 remorantem
1273 1087 1392 1146 editores
1409 1087 1578 1154 Verortenses
1592 1088 1652 1150 bne
1665 1089 1692 1154 in
1707 1090 1865 1160 praefatione

1061 1179 1241 1236 scribentes:
1270 1178 1309 1236 tte
1335 1179 1466 1251 spirituali
1496 1179 1669 1249 edificatione
1694 1182 1787 1250 domus
1815 1180 1865 1239 det

1063 1271 1160 1334 doctu
1178 1272 1336 1328 ιιιιιιοιιιιιιι
1360 1281 1422 1330 tutte
1436 1288 1487 1330 tren
1509 1272 1590 1345 poten
1605 1275 1664 1347 jottt
1679 1273 1775 1348 tettrplg
1788 1273 1865 1336 iibri·

1062 1365 1152 1424 ιιιιιιι
1173 1373 1329 1424 condrusto.
1358 1365 1387 1434 Si
1410 1380 1492 1432 utrum
1514 1365 1604 1436 templi
1627 1380 1725 1434 nomen
1752 1366 1865 1434 doctori

1062 1469 1116 1513 troo
1137 1466 1294 1526 usurpatum
1318 1455 1461 1524 dixissent,
1487 1456 1555 1516 nibil
1582 1472 1794 1530 repugnaremus
1813 1458 1865 1516 :id

1062 1548 1134 1608 enint
1159 1563 1258 1606 nomen
1283 1548 1419 1608 idolorum
1434 1548 1538 1610 edibon
1553 1551 1633 1618 tribui
1647 1553 1768 1620 solitum,
1784 1550 1864 1612 cbri-

204 1659 258 1716 (ιιι
283 1659 406 1702 errorem
437 1645 630 1714 coarguebant,
656 1651 684 1699 et
707 1641 771 1700 bitte
797 1653 892 1700 noster
906 1640 1009 1704 ductor
1062 1640 1191 1698 stianiad
1209 1641 1865 1718 ecclesisstraducerereritisuntantebdpr·
1963 1713 1966 1718 ¹

205 1744 334 1808 utrosque
345 1736 481 1796 contraria
501 1728 631 1794 docentes
653 1748 705 1792 noa
727 1732 940 1806 reprebendens,
957 1733 1008 1792 sub
1024 1745 1048 1808 Β
1063 1735 1183 1794 brosiurn
1198 1744 1280 1805 atquo
1292 1735 1479 1798 Theodosium
1496 1735 1649 1803 iuniorem,
1673 1737 1720 1809 ιιι
1743 1752 1776 1796 ea
1798 1754 1865 1797 rore

205 1826 346 1900 utriusque
373 1827 485 1888 neronis
516 1836 578 1903 post
607 1826 727 1894 medium
763 1836 890 1899 quartum
921 1840 1009 1886 toeeu·
1062 1842 1111 1897 pro
1125 1824 1343 1888 Christianorum
1356 1827 1480 1896 ecclesiis
1494 1826 1680 1899 significandis
1693 1829 1810 1900 primunr
1822 1832 1863 1886 osi

206 1919 261 1990 tom
285 1918 366 1990 sinet
390 1918 599 1991 compugnantia
627 1926 735 1978 aetatenr
762 1932 793 1977 su
815 1917 918 2000 sitisse
945 1933 1008 1991 pro·
1059 1918 1245 1992 inveniuntur,
1262 1927 1291 1977 ιιι
1305 1919 1428 1990 pluribus
1450 1919 1691 1986 animadvertimus
1705 1929 1798 1979 annot.
1825 1920 1862 1977 ud

205 2009 256 2074 dtr.
1060 2014 1087 2069 io
1106 2022 1183 2074 tract.
1197 2012 1273 2070 etio.
1288 2028 1308 2070 ι.
1323 2011 1357 2071 ιιι
1370 2010 1615 2072 curndrorateriaii
1625 2011 1805 2074 aedidcstione
1825 2013 1863 2070 itii

240 2104 325 2174 ssttettt
337 2111 475 2168 auctorent
489 2102 614 2160 babuerit
622 2117 711 2171 error,
723 2118 777 2176 quo
787 2102 835 2160 liei
849 2101 938 2175 imago
953 2118 1006 2161 noo
1059 2105 1184 2170 editores
1198 2104 1471 2178 intelligentemque
1493 2105 1580 2168 tribus
1594 2106 1622 2162 ιιι
1636 2106 1800 2188 testimoniis
1812 2123 1864 2168 rau·

205 2198 232 2254 in
247 2198 349 2264 enimn,
364 2196 454 2256 sedin
469 2210 584 2268 corpore
598 2194 794 2263 collocabatur,
806 2194 854 2252 iilo
868 2193 1007 2253 Geneseos
1059 2215 1109 2271 per
1121 2199 1242 2264 recitatis
1258 2209 1311 2260 tarn
1326 2208 1420 2271 aperta
1434 2199 1465 2256 tit
1485 2199 1602 2268 mentio,
1618 2198 1762 2264 admiratio
1775 2201 1863 2260 inces-

205 2290 362 2352 testirnuoio
377 2289 404 2345 io
423 2289 493 2350 banc
506 2305 563 2348 rem
586 2303 729 2366 perperam
746 2287 870 2345 traducto
885 2304 893 2342 ε
908 2287 1007 2348 Freir-
1057 2294 1095 2356 sit
1109 2292 1234 2366 plurima,
1245 2291 1317 2364 qnod
1328 2292 1394 2353 illud
1409 2291 1471 2350 inde
1484 2299 1672 2364 argurnentonr
1685 2291 1861 2362 intenderint,

204 2381 396 2446 mutitudinem
404 2378 1004 2462 ιᾶἱιιιιῑιιιιιιῑθι,ιιῡιιιιΕιῑιιιιίιιιιιι·
1059 2387 1132 2450 unde
1145 2401 1177 2446 se
1192 2386 1270 2458 plano
1285 2386 1407 2444 devictos
1421 2383 1500 2442 lateri
1517 2383 1688 2452 debuissent.
1699 2384 1768 2455 uoto
1781 2402 1862 2458 perro
1932 2377 1934 2384 ⁴

205 2474 251 2554 id,
267 2473 396 2543 dudiopr,
419 2473 462 2538 ret
482 2473 613 2536 touaeno
637 2473 779 2542 nominans
793 2483 891 2545 quarto
905 2473 1006 2530 soeculo
1058 2479 1082 2540 si
1096 2477 1346 2548 animadverterim
1361 2476 1419 2534 lrec
1432 2474 1484 2534 alia
1499 2474 1623 2546 eiusdem
1639 2480 1861 2546 tractatusrerbo

204 2568 352 2638 uirentem,
366 2583 445 2640 quent
461 2567 570 2639 quidem
586 2581 708 2636 errorent
730 2565 826 2624 eodem
848 2565 949 2624 secolo
964 2580 1006 2624 re·
1057 2585 1137 2631 num.
1155 2571 1168 2626 ι
1183 2586 1190 2625 z
1203 2568 1375 2636 dutnultum,
1391 2577 1437 2626 cut
1451 2584 1584 2637 purorum
1594 2579 1631 2626 etl
1641 2587 1688 2641 per
1700 2587 1798 2630 ιιιιιιιιι
1813 2569 1862 2628 ιιι·

202 2662 263 2735 jiett
296 2661 327 2724 S.
353 2661 471 2720 Hilarius
496 2662 521 2720 io
546 2659 643 2738 psolnr,
667 2675 771 2729 editt,
794 2670 822 2716 et
845 2658 1006 2722 Plrilastrius
1058 2664 1163 2722 clerium
1179 2661 1226 2718 Dei
1241 2661 1364 2726 orationis
1374 2660 1426 2720 iusi
1436 2660 1589 2734 mentiretur,
1600 2663 1670 2731 guod
1680 2665 1760 2733 possit
1771 2666 1861 2735 monis

116 2748 121 2758 “
203 2768 230 2810 c.
246 2754 291 2809 tlt.
306 2753 383 2826 ιιιιιι
398 2766 596 2826 ergoerrotem
611 2763 703 2818 noster
717 2766 824 2824 quoque
839 2759 935 2810 auctor
951 2768 1005 2808 noo
1057 2756 1133 2814 roien
1147 2753 1400 2826 interrogantibus
1413 2752 1571 2818 ιιιιιιιιιιιι
1585 2754 1684 2820 tediosa
1698 2772 1767 2816 nnnc
1780 2773 1862 2829 nagge

203 2846 317 2912 cursim,
340 2845 388 2901 sed
416 2857 450 2901 ex
473 2845 612 2920 proposito
634 2856 661 2910 et
687 2843 747 2904 luse
778 2843 907 2902 reieiiens
935 2842 1004 2902 diro·
1056 2844 1388 2917 atiquatenuaeompcreri.
1406 2844 1508 2900 doctor
1525 2845 1784 2916 nonncgatnnllum
1798 2862 1859 2902 oro·

205 2939 257 2998 bns
280 2939 306 2994 in
331 2938 489 3004 tractatibus
517 2938 551 3000 td
573 2947 600 2996 ot
620 2939 667 3010 20,
684 2939 731 2998 lib.
750 2955 780 3010 n,
795 2938 891 2998 eadent
910 2941 1004 3012 procui
1058 2940 1192 3006 dionant
1206 2936 1484 3009 pemcruuroratiouis
1503 2937 1604 3006 iocum,
1619 2936 1645 3006 id
1660 2948 1702 3004 est
1716 2938 1858 3008 ecclesiam

204 3033 286 3093 dottio
301 3034 402 3093 secolo
421 3033 521 3093 risisse
535 3033 714 3097 conuincitur.
1057 3029 1117 3106 [nn]
1129 3027 1345 3113 Christianorum
1359 3030 1454 3101 luisse,
1472 3029 1520 3099 sed
1534 3030 1618 3102 prplta
1629 3031 1719 3103 potios
1729 3033 1861 3095 orationis

241 3125 363 3199 lantpero
382 3125 494 3195 blaciam
518 3136 581 3191 aute
603 3135 722 3199 partum,
745 3125 773 3185 in
797 3134 885 3196 partu,
900 3135 929 3184 et
944 3134 1041 3200 poste
1056 3124 1126 3191 loca,
1140 3138 1190 3180 seo
1201 3122 1331 3187 ecelesias
1345 3121 1507 3183 cbrisdanis
1520 3121 1604 3185 foisse
1628 3125 1776 3195 supponit,
1791 3124 1861 3181 inter

205 3231 312 3292 partum
324 3219 455 3297 uirginem
480 3227 514 3277 tr.
526 3217 543 3283 ιι
556 3217 603 3277 ιιι.
629 3234 659 3291 ιι,
684 3216 780 3285 asserit
795 3217 915 3291 praecisis
934 3218 1004 3279 adeo
1057 3233 1124 3291 goras
1139 3226 1229 3289 tannen
1252 3218 1337 3285 nulla,
1347 3229 1392 3275 aot
1403 3234 1510 3289 purum
1520 3226 1604 3287 esset,
1620 3220 1726 3289 ottenb
1738 3220 1861 3290 magnili-

203 3313 335 3383 iormulis,
351 3324 380 3369 ot
398 3328 444 3369 eas
467 3312 586 3387 reperire
602 3327 655 3369 oon
671 3310 752 3373 liceat
764 3312 790 3368 io
802 3312 940 3381 onopiam,
954 3329 1004 3369 an·
1056 3313 1172 3371 ecntiaro
1182 3326 1244 3375 curn
1255 3310 1414 3369 idolotatrie
1426 3309 1531 3377 aedibus
1539 3310 1689 3382 comparari
1704 3321 1805 3382 posset.

204 3414 312 3473 terreant
327 3404 357 3475 il·
371 3404 461 3473 darie
480 3404 620 3476 virginitas
640 3414 739 3475 guanto
753 3404 852 3467 seculo
866 3420 1006 3478 oppugna-
1093 3405 1225 3469 duronius
1246 3405 1273 3459 in
1295 3402 1518 3471 annotationibus
1532 3401 1566 3463 ad
1582 3402 1803 3475 liartprologinrn
1825 3418 1859 3459 ex

122 3526 131 3541 ·
204 3505 290 3556 rctnr.
309 3496 376 3561 lide
390 3496 417 3555 tn
431 3495 502 3553 lrnrrc
523 3511 582 3561 rem
603 3495 680 3568 plora
694 3495 820 3563 anineti
843 3497 869 3553 ιιι
883 3507 917 3554 tr.
933 3496 950 3555 t
973 3497 1006 3555 ti·
1058 3499 1110 3557 lroe
1129 3497 1285 3561 testimonio
1309 3495 1414 3568 colligit
1438 3496 1585 3553 doctorem
1605 3504 1669 3557 ante
1688 3492 1859 3555 Grrnstantini

205 3590 284 3654 brot,
301 3588 345 3655 ulti
359 3589 410 3655 aliu
425 3588 666 3665 :guoqueducterin
680 3588 707 3647 in
720 3587 842 3649 eamdem
858 3603 914 3649 reon
930 3588 1006 3645 testi·
1059 3604 1181 3663 tempora
1202 3589 1345 3659 claruisse,
1367 3590 1467 3660 quippe
1488 3586 1561 3659 qutrd
1584 3586 1666 3657 bajus
1688 3586 1859 3657 imperatoris

205 3684 296 3753 nronia
312 3682 376 3755 aiibi
392 3684 507 3755 repetita
522 3681 687 3755 indicantur,
713 3698 773 3759 qun
788 3681 822 3739 ad
841 3682 1004 3743 cutlnolicum
1057 3697 1150 3754 opera,
1187 3680 1281 3737 Rornae
1316 3680 1478 3752 presertim,
1507 3677 1706 3751 angustissimae
1741 3678 1859 3743 basilicae

204 3777 303 3853 dogma
323 3787 417 3849 eontra
445 3784 603 3849 pascentem
617 3775 743 3835 baeresim
757 3774 947 3841 uindicandum
962 3775 1005 3833 tel
1058 3786 1159 3835 erecte
1178 3773 1297 3833 luerunt.
1318 3774 1425 3845 dptirne
1441 3772 1562 3845 quidem,
1589 3773 1611 3829 si
1632 3772 1733 3831 nullum
1756 3782 1858 3837 ιιιιιιιιιι

204 3870 418 3945 promerendum
429 3870 499 3929 dicta
514 3868 598 3929 luisse
608 3868 744 3929 ridentur.

204 4007 220 4081 5
238 4006 282 4064 ιι.
298 4036 336 4049 -
349 4006 455 4064 Norunt
474 4016 654 4079 argumentum
678 4022 710 4061 ee
728 4003 833 4077 publicu
848 4004 947 4060 urbano
964 4021 1006 4060 ec·

240 4102 319 4159 eleale
333 4104 449 4173 pediturn.
478 4100 615 4156 Editorsnr
638 4098 821 4156 veronensium
843 4114 875 4154 ne
896 4097 1006 4154 floronis·

241 4197 397 4267 obiectionec
419 4193 517 4251 dilutoe.
544 4194 603 4249 dlis
626 4194 800 4268 conjiciuntur
833 4208 865 4248 eu
895 4190 1005 4265 publicis

240 4287 367 4362 Episcopi
378 4287 550 4357 concionibus,
563 4287 655 4361 quibus
669 4285 762 4343 Gentes
773 4300 873 4359 paepue
883 4284 1002 4354 oderant,

241 4395 310 4440 etee
325 4398 420 4457 magno
434 4383 674 4438 coteclrurnenorum
700 4380 852 4453 frequentia,
873 4380 918 4452 qui
938 4394 1004 4451 puo-

243 4474 329 4530 tonnis
341 4473 538 4546 baptizabantur
547 4474 574 4530 in
585 4474 715 4545 poscitote.

242 4611 350 4685 insigne
364 4610 391 4666 in
406 4624 463 4681 pern
480 4619 640 4681 praesentem
654 4606 837 4667 testimonium
849 4606 1003 4680 suppeditat

206 4706 289 4771 etiarn
316 4712 444 4767 tractatos
457 4701 490 4761 ιι
505 4701 551 4758 lib.
564 4717 589 4769 r,
604 4699 649 4774 qui
663 4700 695 4759 de
710 4697 899 4768 AEdinicatione
913 4699 1004 4757 dantus

205 4794 256 4851 diei
266 4796 423 4866 inscriptus,
437 4794 530 4867 prorui
543 4793 625 4852 dubio
644 4791 752 4849 babitus
762 4789 925 4849 abductare
941 4791 1004 4858 luit,

205 4903 267 4944 cum
283 4902 352 4953 nota
370 4886 501 4957 udidcpta
517 4887 543 4945 itt
559 4884 626 4947 urbe
639 4883 753 4941 ecclesia
779 4884 894 4957 primurn
908 4885 1004 4957 patuit.

207 4980 274 5037 ilinc
291 4979 416 5047 destituor
434 4976 500 5039 illud
523 4976 704 5053 principium:
726 4974 833 5049 Vellent,
854 4978 949 5055 [ratres
961 4974 1004 5032 di·

205 5071 347 5145 lectissimi,
362 5068 513 5143 triumphali
526 5068 638 5141 quodum
650 5067 726 5139 modo
738 5068 776 5127 uti
788 5083 915 5137 sumone,
930 5069 1004 5125 noni·

204 5181 254 5237 que
266 5163 350 5234 eperia
373 5178 458 5217 urcem
480 5177 581 5219 socrum
600 5160 720 5215 laudibus
736 5160 876 5239 geminare.
898 5158 1003 5229 Rursus

206 5271 234 5310 n.
249 5254 276 5321 ι,
288 5253 369 5327 oedou
383 5254 459 5321 istum
473 5251 598 5325 netellam
623 5262 766 5325 memorat,
786 5267 901 5325 eamgue
915 5253 1001 5322 oedid·

204 5348 329 5419 cntionem
339 5359 448 5400 uestrum
464 5354 552 5417 vocat,
567 5344 638 5421 quod
653 5344 771 5413 dinitidat,
785 5354 814 5413 ut
829 5346 867 5401 ait
884 5358 959 5415 trum.
973 5344 1001 5412 t,

204 5437 434 5513 prerogotiorubus
458 5434 553 5490 crebris
574 5435 715 5489 deberetur.
737 5432 858 5505 Tptrdem
878 5447 953 5505 ιιιιιιι.
974 5432 1002 5500 d,

205 5547 286 5586 rcere
298 5530 422 5585 orationis
438 5532 484 5584 iate
501 5531 573 5585 loeus
587 5544 667 5583 nonus
680 5528 843 5603 appellatur,
858 5543 938 5603 quem
954 5537 1004 5583 ter-

204 5624 452 5680 restredonticiliam
475 5625 526 5679 sub
547 5620 628 5678 linem
643 5624 773 5693 tromirrat.
790 5622 877 5693 Porro
890 5622 940 5678 etsi
957 5621 1004 5689 tri·

205 5716 254 5772 bns
278 5719 375 5795 prioris
395 5716 522 5775 Ecclesia
542 5716 649 5773 secutis
671 5712 818 5773 Christiani
840 5715 1002 5789 quibusdam

1057 3874 1181 3933 orationis
1192 3873 1346 3931 toesncum
1358 3871 1491 3931 idolorum
1500 3869 1603 3941 edibus
1613 3868 1765 3940 comparari
1779 3883 1859 3941 possa

1057 3965 1347 4030 ductoraiiirmasset,
1370 3979 1424 4027 rron
1443 3978 1511 4022 roro
1523 3979 1585 4029 cunr
1605 3963 1644 4021 ut
1664 3978 1798 4034 ιιιιιιιιι
1812 3962 1859 4019 ad·

1057 4060 1126 4119 didit
1140 4078 1147 4114 ι
1162 4060 1226 4117 lrioe
1247 4058 1320 4115 enirn
1333 4057 1451 4126 aliquam
1466 4056 1564 4114 alicubi
1578 4055 1721 4115 melesiaur
1738 4055 1860 4125 magnid-

1057 4151 1223 4213 centissimis
1238 4149 1372 4208 idolorum
1384 4149 1493 4221 templis
1502 4162 1671 4220 nequaquam
1682 4145 1781 4205 cedere
1792 4146 1858 4203 satis

1057 4246 1192 4319 indigitat.
1220 4243 1334 4307 Interim
1349 4259 1417 4303 reto
1440 4259 1502 4303 eunt
1522 4242 1622 4303 multus
1645 4240 1691 4301 bic
1715 4239 1858 4310 ecclesias,

1056 4339 1108 4396 etsi
1124 4354 1176 4396 non
1191 4335 1358 4409 nagnttcas.
1370 4335 1454 4394 variis
1472 4335 1498 4392 iu
1516 4336 1591 4408 locis,
1606 4332 1753 4399 edideatas
1767 4341 1859 4393 ostsu-

1056 4428 1119 4497 dat,
1133 4428 1189 4500 iarn
1200 4428 1285 4500 magis
1294 4428 1380 4485 multo
1392 4427 1587 4485 veronensium
1599 4424 1732 4483 editorum
1746 4424 1859 4483 ltalirrei·

1015 4530 1045 4592 1)
1056 4524 1130 4581 natio
1141 4534 1230 4596 patet,
1241 4524 1288 4594 gui
1303 4522 1355 4579 boc
1369 4523 1397 4580 iu
1412 4530 1529 4581 tructam
1548 4519 1707 4589 nuttamonr
1729 4518 1828 4590 templa
1841 4533 1869 4574 a·

1056 4614 1218 4672 Christianis
1239 4621 1394 4670 constructa
1409 4612 1534 4673 riderttot
1549 4629 1555 4667 :
1570 4610 1642 4684 qrrod
1667 4612 1690 4675 si
1713 4609 1856 4678 uidissent,

1058 4706 1180 4781 prolecto
1193 4709 1339 4775 duetorem
1364 4716 1428 4775 mite
1449 4716 1573 4779 quartoue
1585 4704 1716 4773 sacculum
1729 4703 1856 4765 cottocad

1057 4815 1113 4869 non
1128 4814 1207 4872 posse
1226 4798 1355 4869 facillime
1369 4799 1569 4870 cognndssent.
1729 4869 1732 4872 Α

1094 4891 1249 4961 llasameot
1262 4889 1393 4949 eeclesias
1408 4889 1528 4961 publicas
1538 4888 1623 4951 luisse
1638 4887 1681 4953 rel
1692 4886 1755 4947 inde
1772 4896 1855 4959 patet,

1058 4982 1129 5057 quod
1143 4998 1176 5039 eo
1188 4981 1303 5053 consilio
1317 4981 1458 5053 edificate
1477 4981 1564 5057 polam
1579 4979 1701 5055 ιιιιιιιιι.
1713 4989 1743 5043 td
1764 4988 1857 5043 uestiti

1056 5074 1190 5145 creduis,
1201 5090 1262 5135 cum
1277 5074 1342 5135 otior
1357 5075 1468 5147 oritate
1482 5074 1554 5145 edes
1568 5073 1596 5133 in
1610 5072 1856 5145 eulmiasticornrn

1057 5175 1237 5241 conventuum
1244 5182 1322 5239 uspnr
1335 5169 1404 5239 eleut
1418 5167 1533 5239 inirent
1546 5166 1688 5237 traditus,
1704 5176 1732 5227 ιι
1745 5180 1780 5233 or
1790 5166 1855 5239 guid

1057 5259 1177 5319 exterius
1199 5260 1226 5317 iu
1249 5260 1376 5331 fictitium
1390 5260 1512 5319 notitiam
1533 5270 1645 5333 pateret
1662 5260 1782 5329 erronice
1795 5258 1856 5333 otti·

1056 5354 1118 5413 dem
1136 5356 1189 5413 ilie
1201 5356 1299 5427 saltem
1316 5354 1402 5425 luere,
1426 5371 1541 5429 perraro
1563 5355 1627 5415 lieet
1645 5354 1780 5421 ecclesie,
1794 5367 1855 5429 ιιι

1056 5463 1117 5511 cum
1128 5447 1286 5504 idololatrian
1300 5448 1407 5519 templis
1421 5447 1539 5511 cotrlerri
1558 5446 1657 5517 attenti
1671 5453 1812 5519 pourent,
1827 5444 1855 5501 id

1056 5539 1203 5613 apodritas
1214 5555 1320 5613 guoque
1335 5539 1467 5611 publicas,
1488 5539 1551 5599 iicet
1574 5538 1716 5607 interiores
1738 5539 1810 5605 mole
1826 5545 1855 5599 st

1056 5630 1264 5705 magnificentia,
1287 5630 1374 5703 luisse
1398 5632 1504 5689 suadet.
1525 5630 1660 5691 Pronoea
1676 5641 1755 5695 tract,
1779 5630 1795 5685 ι
1819 5630 1853 5691 ιιι

1055 5727 1172 5815 duetore
1188 5725 1293 5787 babitus
1313 5724 1436 5798 proiecto
1457 5726 1574 5801 ridetur,
1585 5739 1647 5797 ιιι)
1660 5738 1731 5797 tert
1744 5725 1790 5789 dtr
1807 5738 1854 5785 ee·
