4142 6175
177 290 247 352 {⁰89
486 278 487 282 ¹
528 294 539 312 ⁶
567 292 611 350 DE
629 289 826 354 sctttsttnts
846 289 1120 354 bonnttstttttttt
1139 291 1242 352 ttttstt
1262 292 1449 353 scrutatus,
1755 244 1825 357 ibid
1876 263 1878 266 Ι

176 407 258 462 etiam
274 404 340 461 iilud
351 404 466 462 miscent
481 402 565 479 ¹(2i)
578 407 736 463 tractatibus
748 408 804 463 suis
816 407 887 479 quud
899 423 914 463 a
927 408 976 466 Sa·
988 411 1013 473 Α
1027 408 1118 466 εΙειιιιι
1132 411 1166 467 dc
1178 427 1208 467 se
1221 425 1307 467 strate
1321 411 1368 477 sit,
1382 419 1460 466 uacet
1473 410 1546 482 quod
1559 411 1647 483 agitur
1658 412 1694 469 ab
1708 412 1828 470 homini·

176 498 286 554 iotnonc
299 498 432 570 propbeta
445 495 547 553 dictum
559 509 620 554 est:
636 496 735 555 Murco
749 500 882 556 moriture
894 511 976 558 ester·
1027 500 1079 558 bus
1094 502 1117 559 si
1132 504 1167 559 ab
1181 504 1292 560 bomine
1307 506 1333 559 in
1353 504 1463 560 numine
1478 504 1577 561 Christi
1591 506 1744 563 cottdcitur.
1767 507 1826 566 Non

177 594 278 649 minant
305 592 356 649 otei
384 593 538 648 suauitatem
558 591 765 665 (iicet.1,i):
790 594 823 649 Ει
843 594 976 652 muscasb
1028 603 1118 668 potest
1137 595 1207 652 idem
1221 597 1363 667 operarius
1380 596 1449 653 duas
1461 612 1506 654 res
1525 608 1708 669 repugnantes
1722 611 1750 656 et
1762 615 1829 657 eun·

176 687 324 745 morituras
344 701 394 743 uos
415 686 556 758 appeliant
571 703 578 740 :
595 694 623 743 et
635 684 693 762 (ἥ)
710 686 800 744 uicum
825 689 976 755 nominant,
1028 690 1212 745 trariassimut
1222 690 1322 748 iacere.
1333 689 1418 747 Vobis
1429 690 1587 748 absentibus
1598 693 1621 747 si
1632 692 1827 767 contemnes,

176 780 253 837 iilum
268 780 375 837 scilicet
387 779 540 853 liquorem,
555 781 601 853 qui
622 796 656 837 ex
671 781 782 838 notarius
797 780 898 838 Christi
912 797 978 839 ccu-
1028 796 1082 838 non
1097 782 1308 854 corrumpimus.
1333 782 1362 838 Si
1375 785 1590 854 corrumpimus,
1608 785 1670 857 quis
1692 796 1755 842 ante
1778 803 1829 844 uos

175 872 267 941 ditnr;
282 873 354 944 quud
369 871 488 928 chrisma
510 879 654 943 postquam
668 870 807 928 conditum
826 879 870 929 εει
891 872 978 929 nomi·
1028 873 1184 931 contiscerat
1207 874 1280 947 quod
1305 877 1560 947 corrumperemus?
1583 877 1673 945 Quare
1694 894 1729 936 ne
1753 887 1839 936 tacet

175 976 267 1023 rantur.
283 965 437 1037 Antequam
453 964 516 1035 flat,
534 965 623 1022 adbuc
636 966 726 1023 oleum
743 975 785 1022 cst
798 975 895 1022 natura
913 967 978 1022 sim·
1028 964 1113 1021 dictio
1127 965 1289 1039 respuens(
1297 967 1320 1023 si
1336 966 1374 1022 ita
1387 977 1429 1023 est
1438 968 1459 1036 ),
1473 966 1614 1040 iutelligite
1626 970 1689 1042 quia
1703 985 1753 1026 uos
1765 970 1831 1028 estis

176 1058 257 1131 pie13
281 1057 355 1115 iict⁶
374 1072 473 1124 suane,
497 1058 560 1113 dum
584 1058 661 1132 103
686 1058 720 1114 de
743 1059 854 1115 nomine
876 1057 979 1116 Citristi
1029 1072 1132 1114 muscae
1146 1059 1297 1115 moriturae.
1322 1058 1463 1115 Vosettim
1477 1061 1677 1118 exterminastis
1690 1078 1745 1118 uun
1758 1061 1831 1135 quod

176 1153 313 1211 conditur.
327 1152 400 1225 Ergo
415 1162 471 1210 tres
485 1167 529 1209 res
544 1164 609 1208 sunt
621 1165 688 1225 quas
701 1152 830 1210 διιοιιιοιι
845 1152 979 1227 propbeta
1030 1161 1123 1208 natum
1135 1163 1193 1220 est,
1207 1152 1256 1210 sed
1277 1152 1351 1224 quod
1370 1153 1522 1211 coniectum
1545 1166 1603 1223 est,
1626 1157 1746 1214 suavitas
1758 1158 1831 1214 enim

177 1244 348 1302 nominarit:
365 1245 470 1314 uicum,
486 1244 659 1314 suauitatem,
673 1252 702 1302 ει
714 1260 822 1303 muscas
832 1245 979 1303 morituras
1030 1242 1130 1316 legitur
1140 1260 1194 1300 uun
1205 1252 1301 1301 natura
1313 1259 1394 1315 posse
1405 1247 1553 1318 corrumpi.
1568 1247 1664 1304 Oleum
1679 1249 1751 1305 enim
1765 1251 1831 1306 sim-

177 1337 392 1396 cxtermiuautes
417 1343 590 1395 suavitatem.
613 1337 676 1394 Istae
699 1347 754 1395 tres
777 1355 820 1397 res
843 1340 903 1396 ioca
930 1354 979 1396 sua
1030 1337 1095 1408 pier
1109 1347 1167 1407 est,
1182 1347 1210 1394 ει
1218 1353 1321 1401 numen
1336 1351 1414 1417 suum
1430 1353 1513 1395 unum
1527 1350 1555 1396 ει
1573 1340 1711 1412 proprium
1728 1340 1830 1398 babet:

178 1431 280 1489 babent
295 1430 323 1487 iu
337 1430 453 1488 ordine:
477 1432 565 1502 primo
584 1431 645 1487 ioco
664 1440 707 1488 est
728 1433 837 1488 oteum:
859 1431 980 1489 secundo
1031 1431 1185 1488 coniectum
1197 1431 1253 1503 jam
1269 1432 1390 1491 chrisma
1404 1440 1526 1499 meatur,
1541 1433 1568 1488 in
1579 1449 1634 1505 quo
1646 1443 1688 1491 est
1701 1435 1831 1505 suavitas,

178 1525 300 1582 suauitas
322 1525 357 1581 de
379 1522 570 1581 coniectione:
594 1523 689 1591 tertio,
711 1538 812 1579 muscae
833 1524 979 1581 morientes
1031 1537 1091 1594 quas
1104 1532 1194 1579 cutem
1208 1525 1383 1583 conscientias
1398 1535 1502 1593 muttit,
1522 1527 1635 1584 esclusa
1654 1526 1752 1583 duritia
1768 1543 1833 1599 pec·

179 1620 397 1677 exterminantes
407 1618 579 1675 suauitatem.
590 1616 717 1688 Quisquis
726 1626 768 1674 est
779 1616 840 1673 talis
851 1626 981 1673 tractator
1032 1624 1178 1672 catorum:
1199 1632 1258 1687 quaa
1277 1615 1398 1674 atrimum
1410 1620 1522 1675 innovat
1544 1619 1631 1675 lenem
1644 1640 1650 1673 ι
1664 1633 1725 1690 quaa
1738 1620 1832 1678 sedem

180 1728 216 1769 cs
237 1711 330 1780 uobis,
355 1709 452 1782 probet
475 1708 611 1784 quomodo
636 1722 686 1764 trus
708 1723 815 1764 muscas
834 1711 980 1764 morituras
1033 1708 1146 1779 Spiritui
1166 1709 1266 1766 Sancto
1284 1721 1377 1780 parat,
1394 1719 1424 1767 ut
1449 1710 1577 1769 inritatus
1591 1712 1663 1781 tttte,
1686 1714 1833 1785 asperitate

181 1807 311 1880 appellat.
325 1805 353 1864 Si
368 1807 438 1878 apud
451 1821 500 1863 vos
515 1805 614 1877 putatis
629 1819 691 1861 εεεε
706 1802 903 1860 coniectionem
919 1818 979 1873 quac
993 1808 1018 1871 Β
1030 1800 1133 1871 iugata,
1142 1800 1259 1858 libenter
1268 1800 1419 1860 inhabitare
1431 1804 1568 1877 dignetur.
1581 1805 1645 1862 ilaec
1656 1814 1699 1861 est
1711 1808 1832 1864 erraticas

182 1899 231 1957 dct
244 1901 305 1957 olco
318 1902 478 1957 straritatem
494 1898 584 1970 :apud
596 1913 645 1954 tos
655 1905 698 1955 est
710 1901 799 1954 oteum
811 1907 839 1953 et
851 1898 980 1953 suavitas.
1033 1892 1097 1961 uici,
1112 1908 1193 1964 quam
1206 1906 1321 1964 possunt
1333 1910 1435 1950 muscae
1449 1896 1588 1953 moritura
1600 1911 1788 1969 corrumpere.
1802 1898 1832 1956 st

182 1991 318 2063 Nuutquid
337 2008 388 2048 nos
399 1992 612 2049 exterminamus
624 1990 714 2046 uictum
728 2000 865 2059 uestrum,
882 1997 912 2045 ut
925 2004 984 2046 nte·
1033 2002 1083 2043 uus
1096 1989 1342 2046 exterminaremus
1362 2005 1377 2044 a
1392 1990 1469 2047 uobis
1482 1991 1637 2047 coniectum
1652 1991 1758 2061 uicum,
1773 2008 1832 2050 me-

182 2086 237 2143 rito
249 2098 300 2141 nos
313 2100 422 2141 muscas
433 2085 583 2141 morituras
597 2083 757 2155 appelletis?
776 2082 848 2154 quud
863 2092 982 2139 restrum
1032 2082 1086 2137 ritu
1108 2096 1158 2138 nos
1177 2096 1284 2138 muscas
1298 2083 1446 2140 morituras
1469 2086 1606 2156 appellare
1627 2085 1764 2157 possetis:
1785 2085 1833 2143 sed

183 2188 237 2246 est,
250 2178 320 2249 apud
333 2194 380 2235 vus
392 2188 443 2235 est.
459 2177 494 2233 Ει
507 2176 530 2233 si
543 2192 558 2233 a
569 2176 647 2233 uobis
661 2175 696 2232 ad
711 2191 761 2232 nos
773 2176 871 2248 aliquis
884 2177 984 2233 transi·
1033 2170 1097 2227 dum
1112 2171 1184 2243 quod
1198 2188 1214 2229 a
1230 2172 1306 2230 uobis
1321 2182 1439 2259 unctum
1446 2185 1504 2243 est,
1524 2175 1577 2232 taie
1589 2191 1740 2245 servamus,
1755 2178 1835 2250 quate

183 2278 242 2326 tum
264 2269 374 2337 fecerim
397 2269 457 2355 (ab)
474 2270 545 2326 sica
562 2268 642 2325 nobis
656 2278 797 2338 seruatur,
817 2267 983 2341 quemodua
1033 2264 1215 2337 suscipiruus;
1241 2281 1343 2324 muscae
1364 2268 1505 2325 maritume
1524 2285 1585 2327 esse
1600 2286 1656 2328 uon
1678 2288 1833 2344 possumus.

183 2363 261 2420 uubis
284 2362 431 2420 dimittitur
446 2380 453 2418 a
474 2362 611 2435 quomodo
624 2360 715 2417 dicitis
734 2362 796 2433 quia
817 2376 867 2417 nos
889 2376 984 2418 sumus
1033 2356 1087 2414 Sed
1101 2355 1166 2413 dum
1181 2372 1228 2414 uos
1241 2358 1350 2416 invidiae
1365 2362 1572 2432 tempestatibus
1583 2364 1701 2435 impulsi,
1716 2366 1793 2437 quasi
1806 2368 1834 2424 in

182 2470 285 2514 muscae
297 2456 436 2514 nuurttune
450 2457 610 2514 suauitatem
625 2455 676 2514 oiei
690 2465 907 2527 corrumpentes,
921 2472 982 2514 cnm
1034 2453 1124 2510 oieum
1147 2452 1260 2519 caditis;
1285 2469 1334 2510 ros
1357 2453 1546 2511 exterminatis
1569 2456 1597 2511 iu
1622 2455 1835 2526 rebaptizatione

184 2560 247 2620 pust
260 2564 310 2606 uos
332 2548 400 2606 uiitil
424 2549 477 2606 tale
499 2549 631 2605 iacimus?
651 2556 700 2604 ant
722 2549 745 2605 si
767 2565 783 2604 a
801 2549 879 2605 nobis
894 2549 984 2606 dicitis
1033 2545 1194 2601 suavitatem
1209 2545 1264 2602 olei
1276 2545 1347 2602 iltius
1357 2546 1430 2617 equod
1445 2546 1473 2603 iu
1486 2547 1596 2605 nomine
1608 2547 1709 2605 Christi
1719 2548 1831 2607 coniec-

183 2643 344 2700 suauitatem
359 2642 412 2700 utet
436 2642 573 2713 corrumpi
591 2655 690 2714 posse:
707 2640 766 2715 (id)
778 2652 825 2698 aut
840 2656 984 2714 possumus
1035 2647 1091 2694 tunt
1104 2648 1158 2706 est,
1173 2638 1247 2695 uude
1255 2639 1433 2696 coutdireutur
1443 2654 1544 2708 mores,
1557 2641 1629 2697 uude
1637 2643 1833 2700 accenderetur

183 2734 303 2807 aliquid,
324 2745 352 2791 ει
371 2734 467 2790 damus
489 2734 551 2791 oleo
573 2733 735 2790 suavitatem
751 2752 758 2788 ε
773 2746 820 2790 aut
834 2736 857 2792 si
868 2749 941 2803 nos,
955 2744 984 2791 nt
1035 2733 1127 2789 lumen
1135 2733 1244 2802 metitis,
1252 2733 1287 2790 ad
1297 2732 1464 2791 satutarcmf
1477 2744 1506 2790 ει
1516 2750 1606 2792 ueram
1617 2735 1834 2807 intelligentiam.

184 2828 284 2893 ruitis,
305 2825 371 2882 nihii
393 2841 538 2898 possumus
553 2844 559 2879 :
581 2826 713 2882 remansit
734 2825 824 2882 oleum
844 2826 896 2883 tate
911 2841 982 2897 esse,
1036 2825 1091 2883 Vos
1102 2825 1288 2882 exterminatis
1302 2842 1359 2882 rem
1374 2824 1418 2881 ubi
1431 2826 1521 2883 uicum
1535 2828 1586 2884 tuit
1596 2836 1624 2884 ει
1635 2829 1766 2885 suavitas.
1781 2828 1837 2885 Nos

184 2920 265 2992 quate
278 2927 307 2977 et
318 2928 411 2975 uatum
424 2926 485 2976 est:
499 2917 636 2991 quomode
651 2918 740 2974 dicitis
753 2918 815 2990 quia
830 2933 880 2974 uus
891 2934 985 2976 sumus
1036 2918 1175 2989 quomodo
1184 2918 1322 2991 potuimus
1334 2933 1510 2989 corrumpere
1521 2920 1762 2993 suavitatemque
1773 2929 1837 2978 ante

185 3027 287 3070 musae
311 3012 469 3079 moriture,
494 3019 703 3090 corrumpentes
731 3008 894 3066 suavitatem‘
915 3012 985 3067 oleii
1036 3026 1112 3067 uosa
1126 3009 1332 3067 nuiiocouiecta
1345 3011 1838 3085 estiseduxistisbomiues,rebapti·

184 3104 270 3179 igitur
284 3105 374 3161 oleum
393 3111 568 3176 antequama
589 3103 667 3158 ttobis
682 3101 858 3168 centustatus,
875 3101 927 3158 tais
942 3110 986 3158 est
1037 3104 1130 3171 zastis,
1145 3104 1241 3160 iterum
1255 3104 1380 3159 unxistis.
1402 3104 1473 3159 Prub
1487 3103 1581 3160 detur!
1597 3120 1650 3161 non
1671 3108 1731 3163 siue
1750 3115 1838 3165 morte

184 3200 268 3273 quale
282 3209 308 3257 ει
322 3207 416 3257 ttamm
430 3209 473 3255 est
486 3216 493 3254 r
508 3196 683 3266 coniectum,
699 3197 860 3254 suavitatem
883 3212 917 3253 cx
936 3190 1020 3255 n0-C
1036 3205 1138 3264 restra,
1150 3197 1351 3254 exterminastis
1363 3207 1375 3244 tt
1388 3198 1460 3269 quud
1475 3200 1561 3254 tuerat
1573 3198 1608 3255 de
1617 3200 1838 3257 nunriuecbristi

185 3295 260 3353 mine
266 3293 367 3350 Christi
377 3292 500 3363 accipere
510 3299 609 3362 potest.
621 3288 765 3359 Quomodo
777 3304 920 3361 possumus
931 3305 984 3346 uno
1038 3287 1203 3355 coniectum,
1216 3302 1291 3344 tutore
1305 3303 1469 3355 muscarum,
1481 3305 1542 3360 qum
1551 3301 1698 3364 pereuntes
1707 3292 1839 3349 extermi-

185 3384 284 3445 iacto(¹
301 3395 330 3446 et
349 3386 503 3455 conticere,
528 3393 556 3440 et
579 3384 776 3456 corrumperet
801 3392 886 3440 restat
907 3393 937 3438 ut
960 3383 983 3440 si
1038 3391 1118 3438 nant:
1134 3379 1191 3452 (ἳὸ)
1206 3381 1268 3452 quia
1283 3396 1357 3436 mors
1370 3388 1412 3437 cst
1431 3390 1588 3453 peccatum,
1603 3382 1676 3455 quod
1690 3398 1744 3441 nou
1757 3382 1851 3442 babet·

808 3517 1003 3579 baculorum
1024 3516 1233 3578 vastantes,

220 3667 233 3695 ¹¹
246 3664 275 3715 Iu
282 3677 339 3716 mss.
352 3665 379 3715 S.
391 3664 458 3715 'l'set
468 3664 498 3715 P.
511 3664 538 3715 S.
548 3670 680 3728 opportuni.
1074 3665 1085 3692 ⁸
1103 3660 1132 3711 itt
1141 3672 1198 3711 mss.
1212 3660 1238 3711 S.
1251 3659 1280 3710 Τ.
1295 3665 1322 3711 ει
1333 3659 1363 3710 P.
1375 3661 1401 3712 S.
1419 3659 1579 3726 condecorata,
1593 3668 1619 3714 ει
1631 3671 1716 3727 postea
1727 3664 1840 3730 corrupi·

216 3722 273 3777 bin
283 3740 341 3778 mss.
354 3726 380 3778 C.
392 3735 418 3777 et
429 3727 456 3778 S.
467 3726 498 3777 ti.
509 3733 532 3778 et
541 3725 611 3800 qnasi
622 3738 725 3779 muscos.
1039 3738 1102 3776 narr.

220 3792 232 3820 ⁶
246 3789 283 3839 ita
292 3790 443 3840 buuctocum
451 3790 645 3840 restitmmusex
657 3803 715 3840 mss.
727 3791 754 3839 S.
766 3789 797 3841 T.
808 3797 836 3841 ει
845 3787 874 3840 P.
886 3788 913 3840 S.
921 3785 986 3839 tunic
1074 3785 1085 3825 t
1103 3786 1132 3837 In
1143 3799 1201 3835 ιιιεε.
1214 3784 1241 3834 S.
1253 3783 1283 3835 t.
1296 3792 1323 3834 et
1333 3784 1362 3833 P.
1375 3785 1402 3834 S.
1414 3785 1447 3836 nd
1457 3782 1579 3858 solutores
1587 3795 1678 3853 portes.

186 3851 213 3902 iu
223 3852 278 3903 aitis
287 3859 314 3903 et
325 3852 350 3901 iu
361 3849 445 3910 editis,
455 3849 483 3914 fit
494 3856 526 3903 ει,
1075 3851 1088 3890 ⁸
1106 3848 1134 3898 lu
1144 3861 1202 3898 mss.
1214 3849 1241 3898 S·
1254 3846 1284 3897 ·t·.
1298 3853 1325 3898 et
1333 3846 1363 3897 P.
1375 3847 1402 3898 S.
1415 3854 1610 3902 entemnnmter.

186 3967 188 3971 ,
220 3912 234 3953 d
252 3914 281 3965 iu
290 3927 349 3965 mss.
362 3912 389 3966 G.
400 3921 427 3966 et
436 3913 464 3964 S.
477 3912 508 3965 G.
520 3925 567 3964 uno
578 3918 705 3966 annuento.

866 4018 1046 4079 tautotttttt
1065 4017 1181 4075 NOTAE.

223 4160 459 4238 (animantibus.
467 4159 588 4217 Tractare
600 4170 641 4218 est
651 4161 991 4233 episcopcrummtstqm
1044 4159 1244 4231 rebaptizantes
1257 4158 1419 4225 admittunt,
1435 4175 1486 4215 non
1509 4160 1584 4216 dotet
1602 4163 1800 4235 induipentinm,
1814 4168 1842 4226 id

191 4236 349 4300 condonari,
363 4232 402 4288 sic
415 4241 578 4286 tractatorem
592 4233 661 4288 inira
678 4237 729 4289 bae
743 4234 838 4304 pagina
852 4233 931 4299 dixit,
947 4235 991 4288 in·
1043 4244 1095 4297 est,
1110 4229 1313 4294 irremissibiie;
1324 4238 1464 4299 peccatum
1477 4241 1566 4287 autem
1577 4234 1766 4358 quodcumque
1780 4254 1843 4296 esse

187 4308 309 4362 sitibundi
323 4306 436 4377 natusne
447 4303 486 4355 ret
500 4317 590 4368 onom,
601 4320 654 4358 non
670 4312 755 4358 tumen
778 4303 908 4358 tractandi
921 4303 990 4371 quod
1043 4301 1242 4365 irr‘entissibiie,
1256 4312 1364 4354 mortem
1377 4314 1438 4355 esse
1452 4316 1532 4357 tremo
1546 4302 1581 4358 du
1603 4305 1650 4359 itat
1664 4324 1671 4359 :
1686 4307 1734 4361 sed
1751 4316 1841 4367 ιειιιειι

187 4389 224 4433 εει
246 4379 435 4448 episcoporum.
451 4371 497 4429 Sic
508 4373 654 4444 origenem
669 4382 841 4438 tractatorem,
860 4375 887 4429 ui
913 4374 990 4430 initur
1042 4372 1106 4428 binc
1121 4388 1175 4426 nort
1190 4369 1274 4441 magis
1284 4370 1380 4441 liquet,
1394 4383 1473 4440 quam
1487 4373 1509 4425 si
1525 4373 1592 4429 niitii
1606 4375 1773 4444 adduxisset,
1787 4396 1842 4452 qun

189 4448 264 4521 (narn
275 4448 345 4503 iiber
357 4445 485 4503 scribenti
510 4458 563 4498 nou
577 4452 620 4500 est
636 4447 669 4500 ad
686 4449 818 4512 manum),
834 4453 914 4500 vocat
928 4460 989 4501 om·
1043 4443 1180 4514 probaret.
1193 4441 1296 4497 Deinde
1308 4442 1355 4510 qui
1371 4441 1457 4511 putuit
1469 4441 1584 4512 Optatus
1597 4444 1706 4513 dicere,
1722 4448 1843 4523 rebapti-

186 4513 573 4587 uiumepiscoporumGaiiiaa
598 4515 776 4587 politissimus
791 4516 924 4586 Sulpitius
939 4517 989 4573 Se-
1042 4515 1160 4570 santium
1191 4511 1391 4568 bonatistamm
1421 4521 1581 4582 peecatum,
1609 4520 1757 4575 condonari
1788 4538 1842 4580 non

188 4590 400 4647 venustemus.
1001 4571 1145 4654 Dposset
1168 4584 1258 4652 Quare
1279 4583 1331 4639 uisi
1354 4583 1523 4641 commodior
1543 4588 1633 4660 aiiqua
1656 4591 1843 4660 interpretatio

225 4660 284 4736 (Ξῖ)
305 4659 405 4716 Oleum.
430 4658 468 4714 tta
488 4657 575 4713 nostri
596 4656 718 4714 baeretici
741 4672 791 4729 pcr
805 4668 990 4729 corttemptum
1043 4658 1141 4713 burrum
1154 4656 1299 4733 uerborum
1312 4653 1398 4725 possit
1410 4656 1574 4725 excogitari,
1591 4660 1769 4730 expungenda
1790 4663 1841 4719 ista

187 4733 306 4790 chrisma
318 4730 523 4788 uncantoieum.
540 4731 655 4786 nususu.
927 4790 930 4796 ,
1044 4729 1134 4784 omnia
1146 4734 1294 4798 putarermt
1311 4735 1447 4794 tamquam
1462 4730 1569 4796 spuria,
1583 4731 1707 4800 scriptum
1725 4741 1762 4786 est
1781 4736 1843 4802 quia

237 4802 284 4874 23)
301 4802 346 4860 Sic
358 4801 455 4857 atmiis
468 4799 660 4856 murnum
673 4798 990 4871 rebaptizaturatmmn.
1043 4800 1087 4869 qui
1107 4803 1247 4872 peccaberit
1255 4798 1284 4851 in
1303 4796 1430 4868 Spiritum
1445 4795 1571 4852 Soractem
1585 4816 1637 4854 non
1653 4803 1796 4859 rentittetor
1807 4807 1841 4874 ei,

188 4899 191 4906 ·
225 4804 286 4947 *idi
307 4876 357 4928 Aut
367 4888 515 4945 pomuurur.
530 4869 559 4928 Si
572 4872 668 4927 damus
678 4870 738 4926 oleo
754 4872 927 4935 suavitatem,
943 4870 994 4924 aii·
1045 4886 1091 4923 nec
1104 4872 1145 4923 bic
1157 4885 1203 4924 nee
1217 4867 1345 4938 insutum
1357 4868 1461 4922 scenio.
1475 4867 1512 4926 tn
1526 4870 1575 4926 ista
1594 4870 1630 4926 sit
1642 4868 1730 4941 opert
1747 4875 1844 4932 uerbo-

208 4947 253 5002 md
270 4960 429 5016 possumus,
443 4941 521 4998 etita
541 4956 687 5013 possumus
706 4941 867 5013 baptizare:
887 4940 910 4995 si
926 4940 991 4996 nihii
1046 4954 1107 4994 rum
1121 4941 1256 4995 sententia
1271 4956 1278 4994 τ
1291 4940 1491 5008 rebaptizantes
1501 4948 1596 4996 contra
1607 4942 1697 4997 divina
1708 4959 1843 5017 praecepta

188 4962 299 5083 Eanum,
315 5017 406 5072 nietam
420 5013 493 5084 apud
509 5028 559 5068 nus
575 5027 628 5069 uon
649 5014 679 5068 ttt
693 5027 787 5069 suane.
804 5016 919 5068 Ausssr.
1045 5011 1205 5081 grauissime
1219 5020 1333 5080 peceant
1345 5027 1353 5066 ι
1365 5019 1506 5079 peccatum
1520 5022 1609 5073 autem
1624 5013 1693 5084 quod
1706 5031 1758 5070 non
1768 5018 1844 5074 inubet

228 5087 289 5161 (25)
304 5086 372 5152 Quia
390 5100 460 5140 mors
477 5093 516 5138 ert
537 5092 744 5155 mariamnem.
759 5084 918 5152 Distinpuo,
935 5097 994 5154 qne
1046 5081 1232 5151 induiqcntiom
1248 5081 1291 5149 (id
1304 5090 1361 5146 cst,
1371 5081 1512 5161 'quamdiu
1526 5096 1574 5139 seu
1586 5083 1776 5155 quodcumque
1789 5105 1843 5144 uon
1942 5077 1952 5096 ⁶

191 5170 327 5233 pereuntes
345 5156 526 5211 catenatinont.
542 5155 611 5224 Quia
625 5172 693 5210 mors
711 5165 748 5210 est
767 5165 914 5224 peccatam,
925 5153 993 5225 quod
1045 5162 1087 5208 est
1108 5152 1245 5220 expiatum
1260 5159 1289 5206 ει
1309 5149 1473 5223 remtssum)
1489 5168 1557 5208 mors
1576 5164 1633 5210 ert:
1648 5171 1713 5229 ergo
1726 5173 1775 5213 tros
1790 5176 1844 5216 non

191 5245 245 5286 non
259 5228 332 5283 itubet
344 5224 546 5294 induiqcntium,
558 5229 681 5296 scriptum
693 5238 748 5282 ert:
770 5223 837 5292 Quin
846 5225 891 5294 qm·
904 5240 993 5294 pecco·
1045 5224 1105 5278 sine
1118 5233 1207 5277 morte
1218 5230 1317 5285 vestra,
1331 5229 1385 5276 etc.
1401 5220 1460 5276 Nou
1475 5224 1572 5279 mirum
1584 5234 1684 5295 autem,
1698 5227 1722 5284 si
1736 5227 1843 5297 Lectm,

193 5299 270 5362 uerit,
282 5307 335 5353 etc.
349 5298 380 5354 τὸ
390 5299 452 5366 quia
466 5298 631 5366 esuperiute
646 5296 760 5352 tortasse
770 5294 905 5350 versiculo
916 5309 993 5365 repe-
1045 5293 1090 5360 qui
1104 5293 1186 5348 rerba
1199 5292 1249 5346 ista
1262 5294 1330 5361 qnod
1340 5308 1391 5347 uon
1402 5292 1477 5347 tentet
1487 5294 1676 5368 tnnntqemtam
1688 5299 1722 5354 de
1734 5310 1845 5368 peccato

193 5370 284 5435 titum,
298 5367 343 5424 ubi
357 5370 424 5441 ἀμὴν
438 5366 502 5440 tipo
516 5367 769 5439 eminiensis-Quo
782 5366 993 5436 pteniusprobet
1046 5367 1223 5446 ἀσυγγιωσεῶ
1243 5367 1287 5418 καὶ
1302 5364 1478 5447 ἆευγιωρήτῳ
1492 5379 1647 5437 acceperat,
1662 5369 1751 5425 locum
1771 5371 1845 5428 scri.

192 5440 286 5510 Optat.
302 5440 385 5494 rerba
401 5438 445 5493 iiia
465 5438 500 5492 de
517 5441 618 5495 muscis
637 5436 817 5496 morientibus
830 5438 993 5492 suauitatem
1046 5446 1133 5506 ptume
1152 5449 1198 5504 qut
1213 5448 1247 5491 co
1270 5435 1436 5504 pertmebat,
1461 5453 1488 5492 m
1510 5439 1633 5506 margine
1652 5443 1796 5498 notaverit.
1816 5443 1845 5498 tn

193 5512 247 5568 niei
264 5505 507 5566 exterminantibus
524 5508 551 5563 in
563 5508 719 5565 Donatistae
733 5517 901 5578 competere,
919 5515 994 5577 post·
1047 5509 1169 5579 margine
1182 5518 1272 5561 autem
1287 5506 1371 5562 semei
1385 5515 1518 5573 notatum,
1533 5519 1627 5580 postea
1642 5509 1668 5565 in
1685 5512 1771 5581 ipsum
1787 5521 1846 5567 tcu-

215 5598 276 5638 uam
288 5581 343 5651 jam
355 5580 489 5650 probauit,
500 5579 561 5634 iiius
571 5579 731 5634 suauitatem
740 5580 794 5635 uici
807 5592 994 5648 corrumpere,
1048 5587 1105 5634 tum
1120 5587 1258 5647 receptum
1273 5591 1346 5642 esse,
1357 5578 1443 5634 ntuito
1458 5579 1548 5636 minus
1560 5590 1601 5636 est
1617 5581 1688 5651 quod
1704 5584 1844 5638 miremur.

194 5598 260 5712 aaut
274 5655 326 5708 rite
338 5651 488 5721 baptizatos
499 5648 713 5720 rebaptizabant,
725 5651 805 5705 etiam
813 5649 840 5704 in
850 5663 997 5705 eornttseas
1051 5650 1083 5704 Et
1100 5652 1134 5705 de
1148 5649 1207 5704 istis
1222 5663 1307 5704 sacre
1320 5647 1468 5719 Scripturas
1481 5651 1572 5707 verbis
1586 5650 1666 5722 piano
1687 5652 1723 5705 ita
1743 5654 1845 5722 sentio,

194 5725 300 5784 imitari
312 5721 403 5786 addit,
419 5718 492 5793 quod
506 5726 535 5775 et
549 5720 602 5789 ipsi
614 5722 749 5776 morientes
764 5720 790 5777 id
801 5727 893 5792 agant.
908 5720 997 5786 Quare
1048 5721 1137 5776 luctum
1152 5718 1196 5775 iric
1220 5719 1321 5776 babere
1341 5735 1394 5775 non
1410 5736 1500 5791 posse.
1516 5719 1630 5776 istorum
1651 5731 1742 5778 autem
1754 5722 1845 5791 Optati

198 5807 290 5856 autem
312 5793 447 5852 morientes
470 5798 499 5846 ct
524 5790 662 5847 morituri?
682 5792 746 5865 quia
767 5800 907 5865 peccatum
924 5790 997 5864 quud
1051 5791 1847 5865 verborum,atiumesse-sensum,atramqueomatttutsse
