4142 6175
771 233 814 288 tili
834 228 954 291 SlelTl
976 224 1122 285 zunuuts
1140 223 1277 281 urucam

1025 347 1197 418 Aimpares,
1212 353 1240 399 et
1266 342 1372 415 penitus
1392 340 1425 396 ari
1445 338 1621 411 exprimenda
1644 352 1705 409 pue
1729 337 1863 409 gemitum

367 352 647 409 Paterl‘istorieuslum,

367 417 610 479 contessor,genma
623 412 760 474 presulum.

399 479 498 530 Crebris
508 488 607 541 quoque
616 474 718 538 ieiuniis

369 541 454 592 Carnis
464 539 557 602 repulit
569 541 635 598 titia,

370 604 444 666 Saepe
454 602 566 652 docendo
578 601 694 662 populum

370 665 499 716 Destrrrxit
509 663 593 713 mnudi
605 663 677 712 idola.

402 726 505 789 Magnus
517 727 628 776 existens
639 724 763 782 medicus,

368 788 465 840 Infirma
475 800 564 839 sanans
577 799 686 849 corpora,

372 855 445 916 Saepe
459 850 551 900 liberos
562 850 657 899 animos

372 916 492 968 Obsessos
502 926 516 960 a
525 911 630 962 diabulo.

402 977 479 1026 'l'auta
491 973 603 1036 repletus
613 975 691 1035 gratia

371 1040 439 1092 Obiit
450 1039 475 1086 in
486 1036 575 1088 Christi
587 1037 712 1098 requiem,

371 1103 403 1153 Et
414 1100 485 1149 nobis
495 1111 596 1161 semper
606 1098 713 1147 maxima

373 1162 489 1216 Ostendit
499 1159 627 1210 mirabilia.

402 1225 529 1286 Rogemus
539 1234 600 1284 ergo
611 1219 694 1284 populi

371 1288 544 1340 concessorem
557 1283 690 1342 altissimi,

374 1352 403 1401 lit
418 1351 471 1412 ipse
483 1347 554 1396 nobis
565 1346 684 1409 impetret

370 1414 462 1463 Pacem
474 1417 500 1459 et
511 1409 697 1470 indulgentiam.
732 1405 819 1456 Amen.

260 1524 294 1594 p.
311 1519 363 1577 Ora
379 1532 427 1589 pro
442 1517 529 1584 notris,
543 1515 624 1569 Beate
637 1512 722 1568 Zeno.

261 1616 297 1686 ri.
314 1611 431 1682 Utdigni
447 1609 491 1665 eii.
509 1622 596 1679 prom.
612 1605 723 1661 Christi.

253 1708 294 1762 rid
312 1703 538 1777 lippientium
556 1700 629 1755 Zeno
648 1697 823 1754 Pontificatus
840 1694 943 1749 bonore
957 1691 1017 1762 pol-

191 1797 196 1806 ’
218 1802 287 1858 leret
303 1797 390 1861 ratde,
407 1795 509 1850 rrreritis
522 1807 574 1848 non
591 1791 684 1862 paucis
697 1788 885 1854 existentibus,
900 1783 1016 1841 Gallieni

217 1894 332 1949 cesaris
355 1890 438 1945 liliam
462 1904 477 1942 a
502 1887 707 1955 ruinosa-peste
721 1884 769 1938 liei
784 1882 884 1938 rirtute
898 1879 1016 1935 sanauit.

221 1984 268 2041 Ps.
280 1983 352 2056 Mop.

455 2074 496 2130 Ati
510 2074 575 2130 Mat.
592 2071 782 2126 iuvitatorium.

260 2194 451 2251 confessorum
467 2192 567 2262 liegem
583 2188 737 2243 adoremus.
759 2183 809 2253 Qui
830 2181 952 2239 ccelesiis
975 2194 1019 2235 rc·

221 2292 266 2361 pai
280 2289 425 2351 meritum,
440 2294 469 2340 et
480 2282 593 2355 gloriam
608 2279 722 2337 contulit
732 2285 828 2335 saneto
841 2288 891 2331 suo
905 2272 1017 2329 Zenoni.

223 2384 270 2439 ln.
292 2381 388 2447 Verrito,
404 2379 484 2434 erarii.

471 2468 504 2525 Ιιι
518 2468 601 2539 pru‘are
618 2466 697 2523 Nost.
709 2466 769 2521 Ant.

256 2589 386 2646 abutere
400 2586 495 2642 matris
511 2585 559 2639 luit
572 2581 740 2638 santificatos
755 2581 849 2634 beatus
865 2577 950 2642 Zeno,
965 2585 993 2630 et
1005 2590 1019 2628 a

220 2682 361 2740 cunabulis
373 2679 542 2737 benedictas.
559 2674 715 2732 Pallentes
738 2674 776 2727 uir
798 2673 853 2741 pai.
870 2671 930 2724 rint.
951 2668 1019 2723 Pro·

220 2776 313 2833 bitatis
338 2783 366 2830 et
383 2773 504 2830 scientim
526 2770 635 2843 jugibus
658 2766 832 2825 incrementis
843 2764 876 2819 ad
893 2764 945 2818 boc
959 2777 1020 2834 per·

221 2871 326 2939 tingere
341 2865 450 2933 meruit,
466 2873 497 2920 ut
512 2878 559 2934 per
572 2860 747 2917 sacerrimam
763 2856 845 2912 uitam
872 2865 964 2927 pastor
993 2854 1019 2909 iu

223 2961 328 3032 populis
343 2959 508 3016 emeeremr.
525 2954 572 3011 Pr.
597 2953 683 3022 Quare
706 2952 781 3022 [reor.
796 2950 858 3003 dat.
878 2947 1020 3005 Continuis

1809 215 1862 271 '1¹28

1064 439 1229 505 inelticaces,
1245 436 1380 508 quemodo
1406 435 1446 490 rei
1470 431 1611 489 nrateriarn
1625 432 1771 488 uerborum
1786 445 1862 497 eorm

1066 533 1163 604 positio
1186 547 1239 588 non
1263 530 1421 600 aequiparat,
1445 543 1477 582 ea
1500 535 1589 582 tamen
1603 538 1666 596 pue
1685 524 1720 580 dc
1734 523 1805 579 beati
1815 523 1865 579 Ze·

1064 625 1144 681 nonis
1163 623 1306 680 virtutibus
1321 625 1363 678 uel
1374 620 1493 690 scriptis,
1507 619 1549 674 rel
1562 617 1729 675 carminibus
1742 614 1864 672 ediscere

1064 717 1210 780 valuimus,
1222 713 1399 771 disseramus.
1420 713 1457 781 ri.
1472 710 1514 766 ab
1527 720 1605 767 utero
1617 710 1711 765 matris
1725 707 1774 765 luit
1786 723 1867 777 sanc<

1067 809 1184 865 tiircatus
1199 806 1230 861 lt.
1242 806 1336 872 Zeno,
1351 813 1378 860 ct
1391 821 1407 859 a
1419 802 1561 860 cunabulis
1581 801 1741 859 benedictus
1759 801 1794 855 ab
1814 800 1866 855 iroc

1066 896 1220 972 pertingere
1234 898 1342 963 meruit,
1359 906 1387 952 ιιι
1402 907 1492 967 plaster
1513 895 1540 950 iu
1563 894 1669 966 populis
1688 909 1736 965 per
1749 893 1867 950 sacerri-

1066 1008 1139 1050 mam
1150 993 1232 1047 ritam
1244 991 1406 1048 alienetur.

1110 1089 1147 1157 i.
1166 1086 1196 1142 ln
1219 1100 1328 1142 omnem
1354 1094 1453 1140 terram
1490 1083 1573 1140 exirit
1602 1096 1687 1139 sonus
1721 1095 1867 1138 consensa·

1067 1181 1148 1236 tionis
1169 1179 1240 1249 eius,
1253 1178 1428 1237 etSanctiras
1444 1178 1594 1235 luculenter
1612 1175 1733 1234 eruicuit.
1756 1174 1792 1233 Ut
1817 1175 1868 1232 Pa·

1067 1282 1203 1339 stor‚etc.

1319 1390 1322 1399 ·
1389 1366 1461 1422 Lect.
1482 1364 1544 1421 111.

1104 1462 1133 1518 ln
1146 1460 1241 1517 diebus
1252 1460 1428 1532 imperaturis
1446 1459 1562 1516 Gallieni
1575 1501 1583 1526 ,
1595 1459 1643 1529 pai
1657 1473 1705 1528 per
1718 1457 1870 1515 successio-

1069 1568 1118 1610 nes
1136 1550 1273 1611 caesarum
1286 1554 1432 1624 ripesimns
1444 1554 1576 1624 septimus
1591 1552 1617 1607 ia
1631 1567 1725 1608 eorum
1744 1561 1786 1608 est
1799 1561 1871 1608 cata·

1070 1645 1313 1720 logosubrogatrrs,
1337 1662 1401 1719 qno
1414 1648 1497 1703 etiam
1521 1658 1644 1717 ternpore
1666 1645 1809 1717 liionysius
1829 1645 1871 1700 vir

1032 1734 1343 1796 Brererendissimusa
1365 1738 1445 1795 beato
1469 1737 1551 1794 Petro
1574 1737 1706 1810 Apostoio
1726 1738 1872 1808 vigesimus

1071 1841 1164 1888 sextus
1186 1831 1316 1887 Rornanre
1341 1828 1503 1902 presidebat
1527 1829 1672 1895 Ecclesiae,
1687 1830 1714 1885 in
1733 1829 1872 1901 provincia

1072 1922 1166 1990 ltaiim,
1181 1922 1208 1978 in
1219 1920 1336 1978 Ciuitate
1347 1922 1455 1978 Verona
1465 1923 1496 1978 B.
1506 1921 1625 1977 Zenonis
1635 1931 1697 1978 acta
1704 1922 1871 1978 claruerunt.

1070 2013 1152 2086 Cujus
1175 2015 1225 2071 riri
1246 2015 1360 2070 uirtutes
1380 2014 1414 2069 ad
1437 2012 1568 2085 liquidum
1591 2029 1658 2083 uuas
1677 2013 1704 2069 in
1725 2027 1872 2071 couversa-

1071 2109 1148 2165 tione
1175 2107 1217 2163 rel
1238 2108 1264 2163 in
1287 2106 1425 2163 miraculis
1441 2108 1547 2178 peregit
1560 2106 1698 2176 explicare
1720 2121 1774 2162 non
1798 2104 1874 2162 salir-

1071 2201 1185 2267 cientes,
1206 2199 1310 2271 aliquas
1325 2209 1417 2256 tamen
1435 2199 1516 2271 juata
1538 2200 1610 2270 quod
1624 2199 1758 2271 attingere
1778 2213 1874 2270 possu-

1072 2305 1141 2358 mus,
1155 2306 1282 2351 enarrare
1296 2291 1414 2348 veridica
1424 2291 1530 2347 ratione
1542 2305 1681 2346 conamur.

1115 2381 1151 2452 ri.
1172 2382 1201 2438 ln
1220 2384 1360 2438 secretiori
1373 2392 1450 2454 parte
1463 2381 1583 2438 Oratorii
1607 2382 1744 2441 courtiurris
1764 2381 1875 2452 iejuniis

1071 2485 1100 2530 et
1113 2475 1217 2530 crebris
1230 2475 1397 2531 orariooibrrs
1421 2491 1436 2530 a
1461 2475 1577 2531 llomirro
1604 2475 1733 2545 petebat;
1763 2474 1797 2531 llt
1822 2475 1874 2529 sibi

1071 2567 1228 2647 digereretur
1253 2566 1342 2621 aditus
1361 2566 1563 2636 predicationis
1578 2567 1604 2622 in
1625 2566 1733 2637 pupulis
1755 2567 1872 2637 aperire.

1079 2662 1115 2729 i.
1140 2660 1181 2716 rid
1205 2650 1406 2715 corr'rerterrdas
1419 2661 1446 2714 in
1467 2674 1590 2715 amorem
1621 2659 1748 2730 Episcopi
1769 2658 1875 2713 animas

1072 2750 1210 2806 bominum
1226 2751 1270 2807 die
1283 2759 1418 2821 noctuque
1436 2749 1544 2806 deditus
1560 2760 1631 2807 erat.
1646 2749 1692 2817 Ut,
1706 2760 1760 2806 etc.

1108 2845 1141 2901 ln
1151 2847 1265 2902 retrardo
1276 2844 1354 2899 Noct.
1367 2845 1424 2899 Αιιι.
1438 2842 1561 2899 diiabilis
1573 2844 1609 2898 ita
1623 2852 1683 2898 crat
1697 2843 1722 2897 irr
1739 2842 1873 2897 scrrrrorri·

1074 2940 1134 3001 bus,
1146 2948 1174 2994 et
1189 2939 1216 2993 in
1232 2937 1325 2992 babitu
1339 2937 1431 3002 mitis,
1444 2946 1473 2991 nt
1485 2935 1555 2991 bens
1570 2937 1596 2990 in
1613 2935 1660 2989 ilio
1675 2931 1876 2990 collaudaretur

220 3054 331 3127 jejuniis
344 3062 372 3108 et
394 3048 561 3115 orationibus
575 3046 680 3104 crebris
699 3059 716 3100 a
730 3043 843 3099 [luminu
856 3042 974 3113 petebat,
992 3051 1020 3096 ut
1071 3031 1239 3086 dbomniltus
1250 3029 1419 3086 lenientibus
1429 3029 1547 3085 adse-
1554 3027 1601 3083 Pr·
1615 3027 1679 3083 Cum
1690 3027 1874 3107 ianoe-am.

224 3146 275 3202 sibi
291 3146 391 3200 aditum
416 3141 618 3215 praedicationis
642 3141 669 3195 in
692 3138 799 3210 populis
822 3137 949 3208 aperiret.
973 3122 1059 3191 Pac
1076 3127 1144 3182 Dum
1158 3125 1289 3182 exercitio
1305 3124 1462 3193 piscationis
1478 3123 1635 3194 iungeretur
1653 3123 1680 3177 in
1700 3121 1795 3187 burin,
1810 3120 1877 3176 uidit

224 3238 344 3307 Doarine,
356 3240 418 3310 puid
430 3239 507 3292 uruit.

269 3333 286 3402 i
299 3371 306 3384 .
327 3333 367 3387 ab
382 3329 560 3387 nteromatris
573 3327 622 3383 luit
633 3325 817 3382 sanctificatus
829 3324 928 3380 &atus
938 3323 1023 3381 Zeno.

269 3426 305 3495 ri.
322 3427 355 3482 Et
369 3441 384 3480 a
397 3411 538 3481 cunabulis
552 3422 723 3481 benedictus.

301 3578 304 3582 -
333 3541 366 3597 ln
382 3539 406 3593 F
408 3551 461 3596 este
482 3539 514 3597 S.
532 3539 643 3594 Zeaorris
663 3537 786 3609 Episcopi
801 3543 825 3591 et
839 3533 916 3607 Coos.

565 3654 636 3710 Loci.
657 3654 682 3709 l.

261 3748 328 3805 Olim
354 3749 579 3819 peritissimorum
606 3745 811 3818 disciplinabilis
838 3744 1023 3811 praeexstitit,

228 3845 348 3900 virorum
361 3843 532 3914 indagatione
544 3842 665 3912 diligenti
683 3849 838 3897 sanctorum
853 3843 920 3895 ritas
932 3840 1032 3910 estpri-¹

226 3950 302 4002 rere,
318 3949 465 4005 earumque
479 3936 577 3989 seriem
588 3934 651 4006 styli
674 3932 765 3988 oiiicio
778 3931 903 3998 sollicite,
926 3947 958 3987 ac
983 3947 1027 3986 ra·

226 4027 393 4082 tionabiliter
408 4026 544 4081 memoriae
558 4023 723 4096 posteritatis
734 4025 882 4095 assignare,
892 4033 1026 4094 quatenus

198 4145 201 4154 ,
227 4118 262 4173 ob
273 4134 329 4173 sure
342 4118 459 4173 studium
470 4118 610 4185 doctrinae,
621 4118 739 4172 virorum
755 4117 780 4172 in
798 4116 865 4172 orbe
877 4116 1026 4173 imitatione

229 4213 380 4283 potirentur
393 4256 401 4280 ,
413 4223 440 4267 et
455 4227 549 4267 eornm
559 4209 720 4281 quandoque
738 4210 877 4265 consortio
891 4212 917 4263 in
930 4224 1027 4280 pererr-

229 4308 270 4363 nis
284 4307 441 4377 vitaegioria
452 4305 615 4361 iruercutnr.
630 4303 675 4360 sie
688 4304 788 4361 etenim
802 4305 885 4360 instat
895 4304 1026 4375 sapientis

229 4416 307 4458 rocas
321 4401 354 4456 ari
368 4402 568 4471 investigandas
586 4409 741 4455 sanctornm
757 4401 839 4468 ritas,
852 4409 988 4472 tamquam
1003 4400 1025 4456 si

1077 3217 1220 3289 quemdam
1246 3215 1383 3271 bominem
1411 3215 1438 3270 in
1459 3214 1581 3285 plaustro
1593 3214 1733 3270 sedentem
1745 3227 1794 3284 per
1806 3227 1877 3283 prae·

1076 3323 1140 3378 ceps
1153 3308 1179 3362 in
1190 3322 1298 3362 amnem
1309 3306 1439 3376 demergi.
1457 3305 1594 3361 Pelorid
1611 3321 1678 3360 mea.
1689 3307 1751 3360 Ant.
1767 3304 1813 3359 Vir
1827 3303 1875 3358 liei

1076 3401 1179 3457 elevata
1193 3416 1300 3456 sursum
1317 3415 1396 3455 manu
1410 3399 1475 3455 iecit
1487 3400 1593 3470 signum
1608 3408 1711 3455 sanotae
1723 3398 1819 3454 Crucis
1834 3397 1877 3452 di·

1075 3507 1157 3548 cens:
1173 3502 1311 3548 revertere
1327 3500 1412 3559 retro,
1427 3492 1595 3556 somnusue
1607 3491 1725 3561 periuras
1739 3489 1875 3547 berrrinem

1076 3599 1156 3655 quem
1185 3583 1256 3640 bens
1275 3584 1388 3639 crearit.
1412 3582 1460 3638 Pr.
1489 3581 1601 3638 [lamiae
1626 3579 1752 3637 Dominus
1778 3593 1875 3636 noster.

1084 3676 1122 3745 i.
1148 3674 1282 3732 Sacerdos
1305 3676 1353 3731 liei
1380 3675 1454 3732 zeno
1484 3676 1597 3730 sedebat
1628 3689 1712 3745 super
1747 3673 1874 3750 lapidem.

1085 3770 1121 3832 ri.
1137 3757 1246 3825 Et'artis
1263 3769 1420 3840 apostolice
1441 3768 1604 3826 documenta
1618 3784 1736 3841 sequens
1751 3768 1875 3840 piscaba-

1078 3870 1121 3918 tur
1136 3863 1162 3917 in
1178 3862 1301 3918 flumine.

1407 3953 1542 4010 bertii.

1114 4047 1177 4102 i'nit
1189 4046 1280 4116 iraque
1290 4061 1305 4101 a
1316 4047 1410 4101 matris
1423 4055 1501 4103 atero
1514 4047 1710 4116 sanctificatus,
1723 4058 1752 4104 et
1764 4062 1780 4104 a
1793 4061 1877 4103 cuna·

1078 4143 1150 4197 bulis
1171 4141 1340 4206 benedictus,
1355 4152 1383 4194 ιιι
1397 4143 1547 4198 assertione
1562 4141 1653 4198 diuina
1680 4142 1707 4197 in
1731 4156 1764 4197 eo
1790 4143 1876 4212 repeti

1077 4234 1226 4296 rideretur,
1246 4234 1318 4305 quod
1342 4232 1467 4290 ieremias
1480 4234 1580 4288 dictum
1593 4243 1636 4290 est
1653 4253 1659 4287 :
1674 4233 1832 4304 Priusquam
1850 4244 1877 4290 te

1078 4324 1223 4381 formarem
1240 4326 1268 4380 in
1294 4335 1383 4390 utere,
1401 4327 1463 4381 rruri
1485 4335 1523 4392 te,
1539 4334 1567 4381 et
1581 4336 1726 4398 autequam
1741 4328 1831 4383 exires
1843 4327 1876 4380 de

1079 4429 1199 4485 renue,
1226 4416 1392 4474 mnertueari
1414 4425 1451 4476 te.
1480 4418 1602 4490 Derrique
1626 4418 1770 4490 probitatis
1797 4428 1876 4490 atque

228 4496 325 4566 iuliis
344 4493 439 4550 ⁸5¹5⁰¹¹⁵
464 4493 563 4549 ΜΘΝ
587 4495 653 4550 501ῑῦ
677 4492 788 4550 ³d¹¹⁸¹¹¹⁸
810 4493 889 4549 aride
911 4493 1025 4548 s⁰¹¹¹i¹¹¹¹¹
1040 4506 1316 4581 Dscie'rrtiaejnpibns
1331 4510 1507 4566 incrementis
1521 4510 1555 4565 ad
1570 4510 1622 4566 bec
1642 4510 1796 4581 pertingere
1817 4525 1875 4565 mc·

136 4603 141 4610 ’
228 4587 402 4658 concupiscat
414 4586 527 4654 ilue‘nta,
544 4587 587 4644 rel
607 4589 687 4642 etiam
712 4589 735 4643 si
754 4588 815 4658 quis
829 4587 1027 4642 desideratissi·

228 4697 302 4736 muru
314 4695 346 4736 ex
358 4690 462 4735 remota
473 4679 581 4750 regione
595 4677 689 4733 andire
703 4678 803 4733 ambiat
818 4678 942 4734 nuntium
959 4719 966 4741 ,
982 4688 1027 4733 aut

232 4782 308 4828 reric
318 4774 341 4828 si
355 4773 466 4843 quilibet
481 4771 641 4826 deliciarum
652 4770 768 4842 dapibus
778 4768 909 4824 educatus
924 4770 1026 4839 inquo·

230 4866 291 4919 dam
306 4867 453 4938 longinquo
467 4866 562 4921 itinere
579 4865 694 4935 positus,
720 4863 837 4920 esuriem
864 4864 897 4918 ad
918 4864 1025 4918 saluam

230 4958 270 5014 sui
285 4959 489 5028 cupiatrentris
513 4958 656 5029 pervenire
676 4958 838 5012 satietatem.
862 4956 898 5025 ii.
915 4956 963 5011 llic
987 4968 1028 5013 est

229 5067 307 5108 sacer
323 5052 435 5107 antistes
461 5051 545 5119 zeno,
559 5068 638 5126 quem
653 5052 759 5122 gemina
780 5052 877 5108 uirtute
898 5052 1026 5108 [iorrrinus

230 5142 381 5199 sanctitatis
408 5154 436 5199 et
462 5146 601 5214 sapientie
626 5146 872 5216 «tenerenturne
895 5145 1025 5216 praeiara

228 5235 365 5290 irriserunt
379 5236 405 5290 in
419 5234 518 5291 munda
532 5236 673 5304 miracula,
689 5247 715 5293 et
729 5238 756 5292 in
772 5238 849 5293 caelis
861 5237 976 5307 adeptus
986 5246 1025 5292 est

229 5328 393 5400 augelorum
409 5328 582 5384 commercia.
606 5330 644 5400 i.
668 5329 719 5384 iste
733 5339 774 5384 est
788 5331 834 5400 qui
856 5338 919 5383 ante
942 5330 1025 5383 ileum

226 5435 337 5491 magnas
354 5421 467 5476 uirtutes
477 5428 603 5489 operatus
613 5429 666 5484 est,
679 5428 707 5475 ct
717 5423 806 5475 omnis
818 5428 889 5475 terra
900 5419 1022 5475 doctrina

227 5514 286 5582 cius
300 5514 401 5583 repleta
411 5520 462 5568 est.
477 5509 571 5584 Cujus,
583 5521 635 5567 etc.

559 5623 631 5679 Lect.
648 5623 691 5678 lt.

258 5737 312 5796 lios
326 5742 416 5812 itaque
431 5739 492 5797 licet
508 5740 567 5807 eis,
590 5739 635 5810 qui
651 5739 713 5795 talia
736 5732 926 5812 conscripsere
940 5739 1025 5796 simus

1079 4603 1143 4669 ruit,
1160 4612 1190 4657 ut
1199 4618 1247 4672 per
1259 4603 1435 4658 sacerrimam
1449 4603 1532 4657 vitam
1552 4611 1646 4673 pastor
1661 4603 1687 4657 iu
1703 4602 1808 4673 populis
1820 4617 1878 4657 mc·

1079 4708 1195 4754 roratur.
1210 4696 1311 4767 Nempe
1324 4694 1436 4751 audiant
1451 4696 1543 4766 populi
1556 4710 1664 4761 ornnes,
1690 4696 1735 4768 qui
1757 4695 1818 4766 ejus
1830 4709 1877 4750 cu·

1080 4790 1156 4860 piurrt
1172 4803 1251 4844 nosse
1267 4787 1395 4843 miracula
1410 4786 1492 4858 ,prria
1510 4784 1538 4842 in
1552 4800 1660 4843 errarem
1681 4795 1779 4842 terram
1794 4800 1877 4842 sonus

1080 4885 1145 4939 exiit
1173 4882 1392 4937 conuersationis
1418 4880 1494 4948 eius,
1522 4889 1550 4934 et
1573 4880 1702 4935 sanctitas
1726 4878 1878 4935 luculenter

1080 4974 1200 5031 emicuit.
1220 4973 1257 5042 ri.
1271 4971 1394 5028 illinirilis
1409 4971 1445 5026 ita
1458 4981 1517 5027 crat
1529 4972 1555 5026 iu
1567 4972 1750 5036 sermonibus,
1763 4982 1877 5028 etmen-

1079 5066 1233 5132 snetudiue,
1248 5074 1327 5136 atque
1344 5064 1437 5119 lrabitu
1451 5064 1533 5118 ruitis.
1549 5062 1583 5119 Ut
1598 5065 1668 5119 Deus
1678 5065 1704 5118 iu
1716 5062 1764 5120 tito
1776 5065 1877 5119 collau·

1079 5160 1190 5216 daretur
1202 5160 1236 5212 ab
1248 5158 1375 5214 omnibus
1388 5157 1421 5212 ad
1436 5171 1465 5212 se
1479 5156 1660 5212 terrientibrrs.
1675 5158 1711 5227 ir.
1730 5156 1877 5214 ltaesiste·

1078 5255 1125 5309 bat
1138 5253 1240 5318 alacer,
1255 5261 1284 5307 nt
1297 5249 1360 5307 iaus
1375 5248 1483 5305 adeum
1499 5258 1675 5320 properantes
1690 5249 1806 5317 relictis,
1816 5248 1875 5305 ido·

1078 5346 1133 5414 lis,
1161 5344 1275 5402 burdino
1296 5342 1440 5400 crederent
1455 5341 1520 5397 iesu
1543 5340 1661 5396 Cbristo.
1690 5340 1725 5397 Ut
1746 5342 1827 5398 licus.

1413 5456 1482 5512 beot.
1502 5455 1535 5511 i.

1113 5553 1178 5608 Erat
1192 5551 1263 5607 cuim
1279 5549 1376 5604 sedens
1386 5564 1413 5603 ur
1424 5547 1587 5603 blorrasterio
1601 5549 1628 5602 in
1642 5546 1784 5602 secretiori
1800 5555 1876 5618 parte

1078 5645 1170 5717 oppidi
1187 5643 1351 5700 Veronensis
1365 5641 1502 5699 continuis
1513 5640 1636 5716 iejuniis,
1660 5650 1689 5697 et
1707 5642 1877 5698 orationibus

1078 5740 1182 5795 'cr-ebria
1196 5750 1211 5792 a
1232 5736 1346 5792 [lumino
1359 5737 1477 5806 petebat,
1491 5744 1522 5791 ut
1535 5735 1586 5791 eibi
1601 5732 1759 5802 alienetur
1772 5734 1874 5792 aminea
