4142 6175
245 311 296 368 dll

920 286 1044 346 Sleil'l
1063 283 1208 342 zenonis

1838 266 1892 322 Sil!

245 432 305 499 ipsa
316 424 435 498 reponis,
448 424 506 496 ipsa
514 417 646 477 custodis.
659 415 716 473 llna
730 410 788 487 (55)
801 411 892 469 cibum
907 419 1040 481 praterea
1055 409 1080 468 Α
1093 411 1185 469 tatcrn,
1200 398 1376 470 probitatem,
1403 391 1587 457 concordiam,
1603 387 1780 449 eltaritatcm,
1796 397 1893 440 omnes

246 520 321 590 capis
330 517 449 588 reliquas
459 512 546 585 poculi
556 509 690 582 propinati
699 502 843 564 lambendo
853 498 1043 558 labriscxlran-

247 614 295 677 ris,
310 610 445 679 inturiqne
471 605 583 662 liaustus
595 602 672 675 quasi
689 597 817 671 quasdam
833 595 964 668 primitias
978 606 1042 648 aus·

246 704 364 776 picatis,
393 709 478 756 totum
505 711 615 769 prorsus
642 693 792 765 iniquitatis
812 689 936 761 spirltum
955 685 1042 741 libens

246 794 367 865 concipis
392 808 440 864 per
464 778 591 847 maritum
608 806 614 842 :
631 785 724 843 inlelix
742 784 797 853 iam
823 781 883 854 plus
910 780 938 835 iu
955 786 981 834 te
1000 785 1043 832 cst

244 905 324 961 quam
340 888 366 943 in
379 886 480 955 templo
493 879 678 940 remansione
692 878 715 934 si
731 885 758 933 te
770 890 863 932 serves
880 883 962 943 atque
974 886 1040 924 eon·

246 985 343 1045 tineas,
357 979 499 1038 restituabit
514 992 567 1033 urm
583 990 675 1030 amore
692 971 776 1028 divini
799 969 897 1034 cultus,
913 965 960 1023 sed
975 963 1043 1020 alte·

244 1076 301 1131 rius
324 1074 438 1143 alicujus
463 1067 598 1125 desiderio
624 1067 651 1121 in
675 1079 751 1120 suant
773 1063 824 1117 ltoc
852 1058 1042 1116 columnellam

246 1165 384 1236 procurari
401 1182 407 1218 ε
424 1161 556 1218 castitatis
567 1156 800 1226 observantiaeque
815 1154 940 1209 uirtutem
955 1148 1041 1205 devo·

244 1263 316 1316 cubit
329 1262 355 1315 in
369 1260 482 1314 critucn.
498 1254 568 1322 Quid
583 1253 654 1308 enirn
670 1251 714 1306 ille
733 1249 795 1303 mali
810 1246 867 1320 (54)
885 1261 938 1300 nnn
950 1243 1042 1312 sirspi·

244 1362 331 1416 cetur,
345 1368 399 1407 non
412 1347 522 1412 efficiat,
531 1345 584 1401 diis
593 1342 760 1406 crudelibus,
774 1339 825 1395 diis
840 1337 938 1393 adulter
947 1337 969 1391 is
982 1351 1041 1390 ser·

243 1444 437 1513 uieoslltaquc
446 1440 572 1510 deinceps
581 1433 828 1507 ingeminatque,
838 1428 1042 1498 uidua,nuptias

244 1537 322 1591 tales.
339 1533 484 1590 Excusatio
496 1545 606 1602 prorsus
620 1529 692 1584 nulla
708 1525 838 1595 corripetit
852 1523 912 1578 tibi.
937 1521 965 1577 Si
978 1536 1043 1575 con·

244 1631 333 1684 linens
347 1641 408 1683 esse
422 1640 475 1680 non
503 1622 630 1692 poteris,
656 1619 753 1677 saltem
776 1616 829 1671 noli
852 1623 912 1670 tnas
935 1612 1043 1682 nuptias

1094 504 1165 551 artes
1179 505 1331 562 omnesque
1346 488 1471 552 virtutes,
1499 486 1555 557 ipsa
1567 497 1674 556 quoqne
1698 481 1831 537 elementa
1852 476 1893 552 (t)

1093 594 1218 644 constare
1231 601 1285 640 non
1300 597 1380 653 posse
1403 582 1462 637 sinc
1484 581 1543 650 ejus
1565 576 1720 633 eruditione
1736 574 1778 631 rel
1802 574 1890 629 iretto.

1095 681 1142 737 Est
1160 679 1232 735 enim
1246 675 1285 750 (5)
1311 682 1417 732 matura
1436 687 1563 743 setttper,
1591 668 1804 733 tinnitiscama,
1830 680 1893 734 ptu-

1094 773 1174 839 dens,
1189 770 1316 841 provida,
1341 767 1414 822 ottoni
1438 766 1600 822 necessitate
1618 771 1769 828 contenta,
1798 758 1893 829 cinaris

1095 866 1278 921 turbat³ounot
1319 866 1479 931 tempestate
1515 855 1671 925 tranquilla.
1712 851 1892 909 serenitatem

1094 973 1169 1014 suant
1201 955 1242 1030 (6)
1259 953 1367 1011 nebulis
1381 949 1569 1007 turbulenlat'e
1582 965 1639 1003 nnn
1655 947 1739 1002 ororii.
1756 945 1895 1001 Poeniteu·

1095 1053 1158 1108 tiatn
1175 1051 1282 1108 nescit:
1299 1049 1338 1123 (i)
1363 1047 1505 1104 altercatio
1518 1042 1589 1116 qnid·
1602 1043 1636 1097 sit
1658 1042 1781 1112 ignotam
1798 1055 1894 1095 onmes

1094 1155 1140 1201 aut
1152 1145 1264 1213 devitat,
1286 1151 1335 1199 ant
1349 1149 1435 1212 portat
1459 1138 1580 1209 injurias.
1597 1135 1731 1192 incertum
1745 1143 1788 1189 est
1804 1140 1892 1188 utrum

1095 1238 1271 1309 impassibilis
1281 1236 1428 1308 judicetur,
1441 1247 1501 1288 cnm
1516 1229 1617 1300 aliquid
1628 1244 1717 1300 passa,
1733 1226 1811 1296 quasi
1826 1226 1894 1282 sitiit

1096 1345 1172 1401 passa
1187 1331 1233 1394 sit,
1250 1328 1396 1384 inuenitur.
1419 1325 1560 1382 Postrctuo
1582 1321 1748 1393 impossibiie
1762 1329 1815 1385 cst,
1841 1319 1896 1375 ira·

1095 1432 1161 1492 tres,
1175 1423 1234 1494 ejus
1250 1423 1385 1477 restitutore
1412 1418 1560 1477 uirtutetn,
1580 1415 1658 1484 cujus
1682 1414 1753 1469 rioci
1778 1413 1893 1468 victoria

1093 1528 1148 1573 cst.
1162 1517 1220 1571 Non
1238 1515 1310 1570 illam
1333 1514 1392 1568 loco
1417 1511 1458 1567 tis
1473 1509 1526 1566 ulla
1543 1509 1706 1579 detorquet,
1730 1520 1783 1560 non
1807 1505 1893 1571 labor,

1095 1626 1148 1665 oon
1164 1610 1257 1675 lantes,
1271 1624 1325 1662 noo
1341 1604 1457 1668 nuditas,
1472 1618 1526 1659 non
1543 1599 1707 1673 persecutio,
1723 1612 1776 1653 nou
1789 1605 1893 1659 mettis,

243 1720 302 1790 (35)
317 1718 447 1780 fenerare,
462 1731 496 1771 ne
510 1715 537 1770 in
553 1714 598 1768 illo
613 1709 822 1769 resurrectionis
836 1707 880 1762 dle
895 1705 966 1760 inter·
984 1704 1043 1775 plu·
1096 1719 1149 1759 nun
1166 1701 1325 1773 periculum,
1342 1713 1492 1763 neomuto,
1509 1710 1563 1751 non
1578 1703 1713 1748 tormenta
1736 1699 1823 1745 morte
1836 1690 1893 1758 ipsa

244 1815 329 1869 rimus
354 1811 464 1865 maritos
482 1825 535 1863 non
560 1807 649 1879 possis
674 1805 751 1875 cuijus
772 1802 853 1858 lucris
867 1817 936 1857 uxor
959 1815 1042 1869 agno·
1057 1782 1081 1843 B
1094 1795 1229 1868 gratiora,
1246 1808 1300 1848 non
1314 1799 1443 1863 potestas,
1466 1804 1519 1843 ttnn
1540 1785 1673 1850 ambitio,
1696 1796 1750 1838 nori
1767 1780 1890 1837 inlicitas.

241 1920 328 1962 scere.
342 1902 402 1959 Noli
418 1918 479 1958 esse
493 1902 623 1971 sacrilega
637 1941 644 1965 ,
661 1896 718 1970 (56)
743 1897 797 1952 noli
811 1894 945 1973 proditrix
958 1893 1038 1963 legis.

242 1997 359 2054 Proiano
373 2013 421 2054 eur
436 1996 537 2062 nubas,
554 1999 613 2050 ct'ttn
631 1993 718 2063 possis
743 1990 845 2047 nubere
865 1987 1042 2046 Ctiristianot

469 2126 524 2199 63
540 2121 748 2181 'litteratus
768 2120 810 2176 vt.

508 2239 547 2294 De
561 2239 602 2311 (1)
618 2236 758 2293 Patientia.

277 2358 296 2414 l.
315 2358 371 2414 Etsi
385 2356 462 2412 beata
477 2353 592 2411 dirersis
602 2354 655 2409 rita
671 2351 817 2408 virtutibus
828 2348 973 2421 quaeritne,
988 2363 1038 2403 cu-

247 2452 291 2525 jus
315 2451 354 2525 (2)
375 2449 502 2522 cupidine
524 2444 808 2519 bagransbumanitns
831 2458 880 2513 per
902 2447 1039 2497 momenta

240 2551 355 2622 suspirat
367 2567 375 2617 ;
385 2561 474 2604 tamen
484 2560 580 2602 omncs
591 2559 645 2599 uno
657 2541 807 2613 codemque
818 2554 953 2597 consensu
962 2535 1040 2610 quasi

240 2644 385 2719 quemdam
419 2640 556 2711 patientiae
581 2635 741 2694 deierantur
766 2634 792 2690 in
822 2640 951 2705 portum,
980 2631 1041 2686 sinc

117 2737 122 2744 ’
179 2783 183 2788 .
240 2754 293 2810 qna
304 2751 355 2794 nec
367 2735 467 2799 audiri,
484 2749 534 2789 nec
545 2731 663 2801 concipi,
688 2745 739 2785 nec
751 2729 818 2784 disci
831 2726 977 2797 quidquam
990 2738 1039 2795 po·

239 2832 312 2896 terit,
329 2844 379 2885 nec
393 2826 496 2883 doceri.
512 2824 579 2880 Nina
601 2823 722 2893 prolecto
745 2820 803 2875 sola
824 2828 888 2884 cst,
912 2818 1037 2888 adquam

237 2934 350 2998 prorsus
364 2934 409 2975 res
424 2918 497 2972 omiti
511 2916 552 2988 (5)
567 2915 722 2987 adspectet:
735 2912 845 2968 dubium
856 2910 956 2981 quippe
975 2924 1037 2965 curn

239 3029 292 3071 non
307 3014 353 3078 sit,
368 3026 455 3084 spem,
472 3009 563 3077 tidem,
585 3007 728 3078 justitiam,
742 3004 921 3061 bumilitatem
934 3040 943 3069 ,
957 3001 1039 3059 casti-

1094 1891 1208 1958 Semper
1224 1886 1370 1943 immobilis
1395 1891 1504 1949 manet,
1533 1881 1587 1936 alta
1607 1878 1723 1950 quadam
1747 1890 1779 1931 ac
1801 1874 1893 1931 alirino

1095 1980 1271 2051 temperantia
1294 1978 1404 2034 tobnste
1418 1977 1457 2047 (8)
1482 1974 1577 2029 librata
1593 1972 1732 2026 utiliorem
1749 1969 1894 2040 permotio·

1061 2091 1063 2098 ·
1094 2089 1142 2130 nes
1157 2072 1308 2128 auituorum
1321 2068 1424 2140 placida
1449 2061 1891 2135 moderationemcompescens,

1092 2176 1120 2223 et
1142 2175 1170 2222 ot
1187 2166 1277 2221 omnia
1295 2161 1335 2236 (11)
1349 2175 1402 2218 non
1416 2172 1579 2232 magnopere
1594 2156 1738 2220 devincat,
1762 2168 1791 2209 se
1806 2154 1892 2224 primo

1094 2260 1189 2316 vincit.
1394 2309 1397 2317 .

1129 2352 1160 2408 11.
1174 2350 1233 2408 Νοιι
1244 2351 1358 2406 virtutes
1373 2356 1486 2420 possunt
1507 2358 1568 2403 esse
1582 2343 1709 2411 virtutes,
1726 2355 1778 2397 troo
1794 2356 1892 2411 peren·

1095 2461 1144 2502 nes
1158 2444 1355 2503 elementorum
1375 2440 1434 2514 (ld)
1448 2452 1544 2509 status,
1562 2457 1615 2498 non
1637 2450 1758 2510 tempora
1779 2451 1892 2511 cognata

1094 2537 1263 2594 connexione
1287 2536 1314 2591 ln
1328 2536 1466 2591 solemnes
1480 2535 1582 2591 reditus
1605 2542 1815 2600 commearent,
1841 2532 1891 2585 nisi

1094 2645 1184 2685 rernm
1196 2628 1365 2700 disciplinam
1380 2628 1649 2700 ctrotersionemque,
1670 2626 1747 2699 qnasi
1767 2624 1890 2696 quaedam

1093 2722 1208 2799 pollicita
1225 2732 1334 2788 mater,
1359 2720 1491 2793 patientia
1516 2721 1677 2777 custodiret.
1704 2720 1751 2777 Sol
1773 2719 1892 2785 deniqne

1092 2813 1215 2883 quamuis
1230 2812 1297 2867 mira
1314 2812 1453 2867 celeritate
1479 2812 1599 2868 alternas
1628 2811 1719 2868 numdi
1748 2822 1835 2868 metas
1860 2811 1892 2867 it-

1093 2897 1211 2968 lnstiet,
1237 2915 1325 2961 tamen
1342 2920 1478 2976 ntrttqoam
1503 2905 1630 2961 dileectm
1655 2905 1891 2976 verecundamque

1092 3000 1235 3055 antevertit
1251 3012 1376 3053 auroram
1394 3015 1400 3052 :
1426 2998 1490 3068 qui,
1506 2996 1576 3069 qnod
1592 2997 1679 3068 majus
1691 3005 1743 3067 est,
1758 2997 1890 3054 duodenis

167 3178 174 3187 ⁴
239 3177 385 3248 pleuresin
410 3174 552 3242 potiuntur.
579 3169 620 3225 111·
633 3168 669 3223 ita
683 3166 748 3223 dicti
766 3180 814 3236 per
829 3164 1015 3233 metapboram
1030 3179 1038 3228 ;
1053 3167 1075 3229 C
1093 3161 1184 3217 uxoris
1197 3176 1300 3223 amora,
1316 3158 1359 3216 uel
1381 3159 1415 3215 de
1436 3158 1584 3214 homicidio
1598 3158 1649 3213 sibi
1670 3156 1827 3214 intentando
1842 3173 1888 3214 stt-

238 3248 346 3318 proprie
354 3247 427 3301 enim
443 3243 597 3315 [airoticuaa
612 3239 773 3305 sanissima
786 3238 820 3291 ab
834 3237 888 3290 aris
899 3234 998 3294 aridus,
1011 3244 1040 3289 et
1093 3234 1192 3304 spicari
1204 3248 1257 3288 uon
1268 3231 1379 3288 dilllcile
1389 3230 1484 3303 possit.

239 3318 373 3390 signidem
390 3315 563 3369 sacerdotum
575 3327 670 3382 genus,
691 3309 736 3377 qui
756 3320 823 3363 aestu
834 3306 950 3432 quodam
967 3305 1037 3359 alivi·

237 3400 324 3451 no,ut
348 3386 470 3443 Gentiles
491 3382 641 3451 putabant,
667 3379 774 3451 perciti,
794 3393 810 3433 c
852 3391 945 3433 citrum
969 3376 1038 3430 lanis

155 3492 158 3497 ·
237 3474 368 3531 responsa
382 3456 609 3520 ratieitmbaotur,
617 3451 757 3523 dequibus
770 3449 921 3512 lutertalis,
933 3448 991 3501 Sat.
1007 3447 1036 3503 l.

237 3546 311 3587 tera.
327 3530 378 3585 tin
400 3546 406 3583 :

359 3642 410 3692 Sed
421 3650 448 3693 ut
460 3641 577 3690 lunaticus
587 3642 663 3689 tetlro

361 3707 497 3757 Percussus
504 3703 605 3753 Bellona
616 3707 658 3752 too
668 3699 760 3750 divinat
771 3713 777 3748 :

237 3822 265 3869 ct
277 3810 440 3868 Prudentius
450 3826 457 3863 a

359 3923 413 3974 Non
425 3927 520 3984 spumat
528 3919 632 3970 anhelus

360 3986 419 4036 tiata
432 3985 551 4049 sibyllinis
561 3983 681 4033 fanaticus
693 3979 758 4031 edita
769 3979 847 4030 libris.

236 4096 336 4152 llnnnn
357 4092 459 4147 mentio
474 4091 608 4160 reperitur
622 4087 691 4157 apml
707 4086 864 4143 Ciceronem
887 4103 934 4156 pro
957 4086 1034 4142 danto

234 4183 292 4230 roo,
308 4164 411 4219 arnob.
428 4162 466 4217 lib
492 4178 512 4223 ι,
537 4176 597 4228 pag.
615 4159 660 4225 ts,
673 4170 699 4214 ct
714 4158 780 4213 alios
796 4158 898 4226 plnres.
925 4156 1034 4212 Fartutt'-

234 4255 280 4292 ctts
290 4237 417 4313 itpurradc
433 4232 576 4306 iepddouloc
589 4231 690 4285 dicitnr
709 4230 735 4284 in
753 4228 862 4300 glossis.
880 4229 977 4283 Verutn
992 4229 1035 4299 [tt-

233 4310 346 4365 nnticuut
370 4308 413 4360 bic
436 4305 598 4373 appellatum
621 4301 816 4373 intelligimus,
832 4299 996 4369 quicumque
1017 4316 1032 4356 a

233 4379 302 4435 latoio
317 4378 404 4435 redux
420 4375 521 4445 alitptid
544 4374 606 4428 inde
627 4373 736 4428 aberret
751 4370 908 4434 relerretre,
921 4386 953 4427 ac
964 4386 1032 4439 prae·

232 4451 327 4507 sertim
351 4450 395 4520 qni
409 4446 580 4502 saccnlotmn
596 4458 738 4514 responsa,
754 4444 789 4496 ob
801 4458 861 4566 quau
871 4443 913 4496 isti
925 4442 1033 4511 [cantici

232 4532 296 4577 suot
310 4520 447 4589 appellati,
467 4526 602 4585 repeteret
617 4513 791 4583 ,cuiusmodi
822 4515 893 4568 uisse
909 4513 1032 4568 uidenms

232 4608 305 4657 enm,
320 4591 355 4646 de
379 4600 432 4660 qno
457 4588 486 4643 S.
512 4588 586 4642 Zeno
608 4586 735 4658 loquitur.
760 4583 900 4639 Fonnticoa
919 4585 1028 4653 quidem

230 4663 258 4721 S.
273 4660 450 4725 Auenstinns,
462 4659 489 4713 in
502 4658 571 4730 psal.
586 4673 632 4723 xe,
648 4672 724 4712 oum.
741 4656 767 4721 l,
779 4670 839 4723 pap.
855 4655 923 4715 5t5,
939 4657 1027 4709 niuni-

231 4746 277 4789 nat
305 4748 353 4787 eos
375 4746 493 4801 paganos
513 4730 558 4799 qni
580 4728 614 4783 de
634 4730 710 4783 ruina
735 4727 944 4781 citrist‘tanornm
968 4734 1028 4780 tan·

231 4819 311 4875 qnam
324 4819 357 4859 ex
369 4802 479 4856 oraculo
494 4800 564 4854 inter
577 4814 638 4853 sese
648 4796 858 4864 respondebant.

266 4875 325 4945 (55)
343 4872 526 4935 Repircltendit
544 4885 597 4922 uon
615 4868 746 4937 simplicis
771 4868 822 4922 cibi
846 4868 1026 4936 stmtptinnetn

228 4960 289 5001 cunt
301 4945 534 5008 inddeliounjupe,
545 4940 591 4994 sed
601 4938 780 5008 sumptionem
790 4938 842 4994 cibi
854 4938 1026 4993 eriitolornm

229 5016 363 5070 sacrillcio
375 5015 485 5068 ditiorum
499 5027 513 5065 a
525 5010 621 5079 marito
633 5009 717 5072 allati,
731 5025 781 5065 nce
794 5026 846 5062 non
860 5011 927 5063 alias
940 5010 965 5064 id
980 5028 1027 5081 qe-

228 5090 302 5142 ncris
326 5084 536 5153 superstitiones
559 5084 585 5136 in
610 5082 671 5135 cibo
694 5090 722 5135 et
757 5090 818 5150 potu
839 5082 915 5134 statis
931 5081 1025 5136 diebus

227 5159 351 5219 usitatas,
366 5157 401 5210 tle
415 5155 513 5223 quibus
527 5152 672 5209 christiana
685 5154 779 5207 tnnlier
793 5156 852 5208 sinc
866 5153 1025 5209 idololatriae

227 5227 289 5282 labo
304 5225 464 5294 panicipare
476 5239 529 5279 non
544 5232 658 5294 poterat.
675 5223 741 5278 Vide
755 5224 790 5278 dc
804 5224 846 5280 itis
866 5224 940 5293 plura
953 5227 1024 5294 apud

227 5298 436 5360 Tertullianum,
453 5297 479 5349 itt
495 5296 566 5353 lituo
580 5295 612 5349 dc
626 5293 791 5350 idololotria.

264 5368 322 5443 (ol)
334 5370 413 5422 Notat
424 5365 616 5431 Tertullianus,
632 5366 678 5421 tib.
694 5382 712 5422 tt
726 5367 758 5421 ad
773 5365 901 5428 Uxorem,
914 5378 975 5430 cap.
993 5368 1021 5431 5,

227 5444 436 5512 pagnuusviros,
450 5440 472 5493 si
485 5438 647 5492 clu-istiaoas
661 5437 787 5493 nortlieres
806 5451 868 5492 sese
882 5436 1023 5493 continere

225 5523 253 5569 et
267 5527 313 5566 sun
330 5526 406 5567 sacra
418 5510 507 5566 celare
527 5509 710 5577 inspicerent,
729 5509 754 5563 in
779 5506 961 5575 suspicionem
977 5523 1024 5563 rc-

224 5582 307 5647 ni-se,
325 5598 359 5636 uc
371 5582 465 5645 mariae
489 5580 585 5635 darent
604 5594 733 5648 operam,
757 5588 801 5632 aut
826 5593 957 5633 rcoeonot
969 5579 1021 5634 sibi

223 5669 320 5724 parare
344 5655 550 5708 meditarentur.
567 5650 748 5703 drlulterorunt
768 5658 857 5704 atttcnt
872 5660 901 5704 et
926 5649 1018 5703 crode·

221 5728 285 5788 lium
311 5728 417 5780 oleorum
444 5722 545 5779 idcirco
573 5722 602 5777 S.
618 5718 693 5775 Zcoo
717 5721 854 5785 memini13
876 5720 946 5791 qnod
972 5721 1018 5791 qui

218 5796 391 5855 adulteraret
414 5790 559 5852 ltiimicidia
584 5794 695 5847 deorum
715 5792 800 5853 colit,
829 5793 863 5847 du
891 5792 1016 5849 aurittero

1128 3305 1186 3377 (55)
1201 3303 1302 3359 Fenero
1311 3302 1354 3359 ltic
1367 3300 1612 3371 pronntltiplieare.
1625 3315 1672 3355 sen
1683 3299 1888 3370 pluresnuptias

1090 3376 1169 3432 inire.
1186 3373 1497 3437 Similiterbmbrosius,
1513 3372 1560 3427 lib.
1577 3386 1594 3425 n
1614 3372 1645 3424 de
1667 3371 1769 3442 Officiis
1782 3389 1842 3441 cap.
1858 3373 1885 3441 n,

1090 3462 1165 3501 num.
1182 3448 1229 3511 tu,
1245 3451 1372 3517 pennotus
1383 3453 1520 3513 prouentus
1537 3457 1584 3513 pro
1597 3443 1867 3516 multiplicatoa'dt‘rit.

1126 3518 1183 3590 (56)
1205 3519 1274 3574 Edit.
1292 3516 1371 3580 Vere,
1384 3531 1434 3569 nou
1449 3516 1585 3580 proditrix.

1124 3588 1229 3645 Tntcr.
1248 3589 1329 3646 tn.-
1342 3589 1383 3659 (1)
1396 3587 1443 3642 liic
1451 3597 1580 3644 tractatus
1588 3586 1753 3666 pronissimus
1761 3585 1859 3642 dicitur
1870 3602 1885 3640 a

1087 3659 1248 3716 Casattbonn
1256 3660 1282 3716 in
1290 3658 1422 3727 Spartiaui
1433 3658 1574 3726 Severum,
1583 3677 1642 3733 pag.
1654 3657 1716 3724 tea,
1725 3674 1748 3710 a.
1764 3657 1791 3712 ln
1800 3662 1884 3725 pritua

1090 3729 1885 3797 ileu.cidit.inscribitur,dcPatientiaelnnda'lruaetimpatien-

1088 3807 1131 3885 ticc
1140 3805 1225 3857 mulir.
1238 3802 1322 3873 liujus
1336 3810 1466 3856 tractatus
1476 3801 1579 3857 initiunt
1596 3818 1622 3861 et
1647 3800 1708 3856 llinis
1719 3802 1811 3857 inserti
1821 3814 1885 3857 sutrt

1088 3883 1149 3928 nitzo
1162 3875 1190 3930 S.
1206 3873 1324 3929 thionis
1336 3872 1443 3940 scriptae
1464 3872 1499 3928 ab
1517 3876 1629 3943 antiqno
1643 3872 1775 3927 tonnaelto
1794 3869 1884 3928 Zeno·

1087 3946 1159 4001 rtiaoi
1180 3945 1345 4001 Verotreusis
1368 3944 1510 4002 etenubii.
1539 3963 1619 4013 aptam
1645 3940 1765 3997 marchio
1792 3941 1883 4007 Scittio

1086 4014 1207 4072 itinerar
1222 4016 1307 4072 edidit
1326 4017 1396 4070 inter
1410 4027 1594 4081 triarnumcnta,
1609 4029 1669 4089 quae
1682 4012 1797 4081 cutinei-tt
1819 4013 1884 4069 llis-

1085 4088 1158 4142 tort'te
1171 4087 1352 4158 diplomaticae,
1361 4085 1439 4141 odim
1450 4101 1493 4140 ao.
1505 4086 1585 4144 litt.
1599 4089 1637 4143 lix
1649 4083 1763 4140 bacillia
1779 4085 1882 4155 aliquot

1086 4160 1174 4214 varias
1185 4160 1315 4214 lectiones
1328 4172 1379 4211 non
1391 4161 1602 4215 contemnendas
1614 4152 1786 4215 adhibuimus
1797 4201 1805 4227 ,
1821 4176 1882 4231 qum

1085 4232 1142 4283 suis
1153 4233 1219 4285 lucis
1235 4231 1409 4284 notabuntur.

1120 4301 1160 4371 (2)
1182 4302 1220 4356 Ex
1243 4300 1300 4355 llita
1326 4302 1540 4372 crutendarimns,
1552 4318 1612 4358 enm
1630 4303 1764 4373 legeretur
1779 4303 1881 4375 copidi-

1086 4388 1151 4425 nem.
1171 4373 1218 4427 ils.
1237 4372 1343 4442 Pomp„
1358 4372 1508 4440 cupiditate.

1120 4444 1161 4510 (ὅ)
1182 4444 1244 4498 tiss.
1258 4443 1349 4510 ilem.¹
1366 4443 1484 4503 Talem..
1499 4455 1612 4513 espectet
1625 4462 1634 4499 .·
1645 4444 1703 4500 l'ita
1719 4443 1832 4512 Spectet.

1122 4517 1163 4586 (1)
1179 4514 1207 4598 lu
1222 4514 1303 4569 editis
1313 4525 1339 4570 et
1355 4529 1421 4569 mss.
1437 4515 1489 4570 ltoc
1502 4515 1561 4570 loeo
1574 4516 1704 4571 inseritur
1717 4518 1792 4589 ejus,
1806 4517 1877 4587 quod

1082 4596 1243 4710 ptrotorttate
1257 4585 1325 4641 Vitae
1339 4587 1525 4642 transtulimus
1539 4586 1573 4641 ad
1589 4587 1665 4654 illud,
1680 4591 1736 4642 rinc
1750 4589 1805 4655 q'ur
1819 4605 1879 4643 erat-

1100 4669 1189 4711 attone.

1116 4728 1156 4800 (5)
1168 4729 1195 4783 lu
1210 4727 1266 4781 llita
1278 4727 1400 4798 patientia
1414 4737 1526 4795 oraturo,
1537 4730 1607 4798 quood
1616 4746 1715 4787 nomen
1729 4730 1875 4795 noscimus,

1081 4815 1114 4851 nn
1129 4799 1221 4882 allitm
1235 4800 1367 4866 scriptore
1378 4814 1427 4868 pro
1439 4799 1550 4856 faciliori
1562 4801 1736 4874 intelligentia
1745 4802 1875 4860 innectunt

1082 4870 1172 4937 luent,
1187 4884 1247 4923 otim
1262 4880 1336 4924 certo
1349 4873 1530 4925 necessarium
1543 4875 1652 4928 nonsit.

1117 4942 1156 5010 (li)
1179 4939 1347 5022 ils3Potnp.
1362 4943 1472 5007 corripit
1489 4942 1561 4997 stolis
1572 4943 1766 5011 tauromenum,-
1780 4944 1806 4999 in
1822 4958 1874 5001 tns.

1080 5013 1146 5068 Zeu.
1160 5024 1185 5067 et
1199 5012 1265 5067 edtt.
1284 5009 1364 5077 vein,
1378 5013 1470 5067 tranlis
1483 5014 1666 5071 turbulentare.

1116 5082 1155 5154 (ἶ)
1176 5083 1205 5137 ln
1218 5083 1298 5137 cdtt‘ts
1312 5085 1452 5139 elimatis:
1468 5085 1493 5137 in
1509 5100 1588 5152 iuss„
1605 5102 1670 5143 vero
1681 5096 1708 5141 et
1723 5085 1795 5154 Vita,
1810 5100 1874 5143 ucc-

1077 5168 1132 5237 non
1157 5170 1190 5209 ex
1215 5155 1385 5211 correctione
1411 5155 1552 5226 marginali
1566 5157 1692 5213 editionis
1706 5157 1769 5213 Ver.
1793 5158 1870 5213 alter·

1077 5234 1163 5287 cotto,
1184 5240 1263 5294 quam
1278 5241 1371 5281 vocem
1387 5227 1469 5281 textui
1485 5228 1654 5283 inserendam
1669 5230 1806 5284 duaimns.

1112 5295 1151 5380 (8)
1168 5295 1230 5351 llis.
1247 5294 1337 5359 Rern..
1349 5296 1473 5371 rutena,
1486 5297 1545 5353 vat.
1565 5300 1723 5366 literatura
1737 5316 1869 5371 proper·

1077 5378 1199 5421 motiones
1211 5384 1262 5423 ms.
1278 5368 1447 5437 Pompeiam,
1464 5375 1646 5437 promotiones.

1113 5441 1151 5509 (11)
1161 5438 1222 5493 Non
1233 5455 1386 5512 inopuopere
1412 5439 1481 5493 idern
1510 5440 1553 5497 ltic
1578 5451 1629 5508 ost,
1652 5457 1684 5498 ac
1704 5458 1755 5498 uon
1776 5458 1871 5513 moeno

1075 5526 1160 5578 opere,
1173 5509 1243 5579 quod
1259 5512 1284 5564 in
1297 5525 1347 5563 ms.
1363 5508 1428 5565 Zeu.
1442 5510 1548 5581 legitur,
1562 5528 1609 5569 seu
1625 5516 1721 5585 {oolla
1740 5506 1871 5584 quo‘sen·

1074 5597 1132 5637 sua
1148 5581 1257 5636 Zettone
1267 5581 1330 5633 alibi
1345 5581 1486 5651 accipitur,
1514 5586 1740 5653 quemadmodum
1762 5602 1870 5657 moqno·

1073 5668 1133 5735 pere
1148 5661 1258 5719 usurpat
1275 5665 1323 5718 pro
1338 5667 1430 5722 mopuu
1441 5668 1526 5721 opere,
1544 5670 1592 5711 scu
1614 5657 1705 5713 labore
1719 5658 1760 5713 uel
1777 5657 1869 5714 iudosd

1072 5733 1121 5778 trra
1137 5741 1178 5787 ipo
1199 5738 1231 5776 oa
1245 5729 1322 5777 tract.
1340 5738 1396 5785 tttt,
1415 5738 1491 5781 utrm.
1507 5724 1534 5778 2.

1090 5864 1093 5871 y
1107 5791 1165 5863 (10)
1180 5739 1228 5847 ils.
1246 5790 1339 5864 Pornp.
1354 5795 1464 5865 corrigit
1477 5805 1568 5852 ototm.
