4142 6175
244 293 314 353 teet
717 282 832 342 GESTA
850 275 1078 338 cosssstouts
1095 272 1409 334 CbRTllelNENSiS.
1822 260 1897 319 teau

282 411 345 467 l85.
358 406 523 463 Marcellinus
536 403 573 459 uis
585 400 745 457 clarissimus
756 397 875 454 tribunus
886 406 912 455 et
925 396 1042 452 eotenus
1055 398 1083 458 A
1094 393 1250 464 subscripsi.
1281 392 1348 447 item
1362 385 1491 445 recitauit.v
1517 383 1643 442 Urbanus
1659 379 1805 453 episcopus
1817 376 1897 434 Satn-

247 505 322 561 dicit.
347 500 401 557 Pro
416 513 470 569 quo
483 492 634 568 episcopo?
655 490 802 548 Petiliunus
817 487 1042 562 episcopusdixit.
1096 485 1190 543 leusis.
1210 486 1323 556 Cumque
1343 482 1508 546 accessisset,
1533 479 1601 534 idern
1621 476 1698 532 dicit.
1724 471 1847 529 blandesi
1866 477 1898 526 et

247 597 363 657 Lumine
376 602 471 665 ceptus
484 599 535 648 est.
557 588 592 643 Et
606 590 659 645 utin
672 603 760 642 ntunu.
775 584 924 642 Petilianus
938 583 1045 654 episco-
1096 578 1256 651 subscripsi.
1277 576 1345 632 ltem
1358 573 1484 630 recitauit.
1502 554 1622 626 [innatus
1637 567 1783 638 episcopus
1795 562 1898 620 Cillite·

247 706 298 764 pus
311 684 468 758 recognovi.
489 680 600 755 Alypius
621 681 757 754 episeopus
769 675 893 733 Ecclesiae
912 673 1046 729 eutltoiicte
1097 685 1159 726 nus.
1175 667 1288 742 Cumque
1304 668 1461 731 accersisset,
1476 663 1544 718 idem
1560 660 1637 717 dicit.
1654 657 1777 715 blandesi
1793 664 1821 713 et
1834 654 1898 710 sub·

247 784 322 842 dicit.
339 776 545 851 Respondentur
558 785 647 831 utrum
664 785 783 844 praesens
797 771 843 838 sit,
857 783 906 839 pro
916 781 970 837 quo
980 764 1046 821 sub-
1096 761 1204 832 scripsi.
1237 758 1303 815 item
1319 758 1444 815 recitarit.
1471 746 1829 823 Liberalisepiscopnsloei
1841 746 1897 802 lia·

250 879 382 948 scriptum
397 881 450 930 est.
480 869 514 926 tlt
529 871 685 927 oliumonu.
707 863 872 936 Recognosi.
894 861 1046 918 Primionus
1097 853 1225 909 seitensis
1249 851 1338 924 (508).
1378 849 1492 920 Cumque
1518 847 1686 910 mceseuset,
1719 840 1788 898 idem
1820 840 1897 895 dicit.

249 966 475 1045 episcopusdixit.
497 964 652 1034 Lonuemur
665 959 818 1016 scritatesn.
843 955 935 1013 Oculis
950 961 1045 1024 captus
1096 945 1218 1004 blandesi
1232 955 1258 1001 ct
1272 942 1440 1013 subscripsi:
1462 956 1513 997 nce
1527 939 1607 996 habui
1622 937 1822 1003 adversarium,
1845 949 1898 992 nec

248 1077 310 1132 est,
331 1062 426 1118 restire
441 1074 495 1114 nors
509 1056 617 1128 potuit,
639 1051 827 1125 presbyterum
842 1062 921 1104 suum
934 1044 1044 1102 direxit.
1099 1037 1202 1104 babeo,
1219 1051 1269 1092 nce
1288 1034 1394 1091 habebo
1407 1034 1581 1102 permiscente
1597 1031 1663 1086 beo.
1688 1028 1756 1084 item
1770 1025 1897 1083 eminuit.

247 1159 282 1215 Ει
295 1158 349 1213 nitu
362 1169 450 1209 srtunu.
469 1149 624 1206 Primienus
636 1145 781 1217 episcopus
795 1137 951 1212 recognovi.
972 1135 1048 1190 llor-
1097 1127 1275 1184 Maximianus
1287 1127 1432 1198 episcopus
1446 1122 1660 1181 liernsiancnsis.
1682 1119 1799 1191 Cumque
1813 1133 1900 1173 ιιιειι-

247 1255 357 1313 celiinus
370 1252 409 1307 uir
423 1247 581 1304 clarissimus
599 1242 716 1298 tribunus
730 1248 755 1295 et
767 1238 884 1293 notemus
897 1233 973 1288 dicit.
992 1227 1047 1287 sed
1097 1224 1190 1291 titstt,
1211 1223 1279 1278 idem
1294 1221 1371 1277 dicit.
1391 1218 1516 1277 blattdati
1529 1226 1557 1274 ct
1570 1215 1728 1287 subscripsi.
1752 1211 1818 1269 ltent
1832 1212 1900 1268 reci-

248 1361 348 1405 nosnen
363 1342 447 1416 ipsius
461 1339 553 1396 debuit
567 1333 767 1405 subscriptione
780 1329 877 1387 teneri.

286 1455 348 1514 lbl.
377 1452 488 1526 Algpius
507 1450 642 1521 episeopus
661 1442 783 1499 Ecclesia
809 1437 946 1495 catholicoe
965 1434 1045 1491 dicit.

248 1550 390 1607 Testatum
404 1547 438 1600 sit
452 1540 522 1619 [eos]
537 1542 618 1598 etiam
631 1537 782 1594 absentium
799 1531 909 1589 nomirte
921 1527 992 1586 selle
1007 1528 1048 1584 in·

248 1654 359 1707 serere,
385 1645 415 1692 nt
427 1635 508 1693 etiam
529 1631 608 1688 nobis
621 1630 704 1686 liccat
715 1639 811 1685 omnes
825 1621 975 1680 cetltolioos
989 1619 1048 1691 epi·

249 1746 366 1804 scopos,
388 1728 433 1801 qni
447 1742 496 1801 pet·
510 1724 698 1782 intirmitetem
712 1719 756 1776 sel
771 1734 819 1790 pcr
833 1716 951 1787 aliquem
967 1726 1048 1768 occe-

251 1821 475 1882 stonent'adessu
488 1833 543 1875 non
563 1824 731 1890 potuerunt,
753 1810 837 1883 gestis
854 1810 985 1865 inserere.
1012 1801 1048 1859 Et

250 1919 303 1974 sliu
317 1932 407 1972 manu.
427 1912 595 1983 Recognosi.
610 1908 647 1964 Et
659 1906 785 1963 teutonis.
807 1905 925 1959 bonatus
940 1897 1048 1971 episco-

248 2026 299 2081 pus
310 2006 500 2081 spissanensts
510 2001 598 2075 (sot).
612 1998 647 2055 Et
661 2015 719 2054 cum
733 1997 874 2060 recitasset,
885 1993 953 2047 idem
965 1989 1041 2045 diest.

247 2107 283 2164 Et
306 2102 433 2161 mandavi
446 2108 475 2158 et
490 2097 657 2168 subscripsi:
677 2091 861 2150 adversarium
877 2103 930 2145 non
946 2086 1044 2142 babeo.

283 2215 347 2274 ¹85.
364 2212 509 2269 Petilionus
523 2207 661 2281 episcopus
675 2204 751 2261 dicit.
767 2199 902 2272 Quoniam
919 2212 1049 2269 prosecu-

248 2312 288 2367 tio
300 2306 387 2383 partis
410 2305 532 2361 aduersae
546 2304 698 2358 contestata
721 2294 886 2352 monstrauit
898 2292 1004 2362 aliquos
1018 2303 1049 2346 se

247 2403 375 2460 absentes
388 2397 501 2462 bebere,
514 2407 565 2449 nos
576 2404 685 2464 quoque
694 2403 748 2445 non
763 2398 883 2443 tacemus
894 2385 1049 2455 aliquantos

246 2504 359 2553 nostros
374 2490 467 2549 multis
480 2485 692 2546 necessitatibus
704 2492 751 2540 aut
769 2481 892 2539 adversis
912 2475 1049 2534 saletodi-

246 2589 327 2646 nibus
340 2585 504 2660 praepeditos
519 2596 575 2638 non
590 2578 699 2637 senisse
711 2618 719 2644 ‚
733 2575 886 2648 aliquantas
898 2572 981 2629 etiem
1000 2584 1048 2626 ce-

245 2680 358 2739 tlsedres
373 2692 445 2737 nunc
457 2690 520 2734 esse
532 2674 677 2739 viduatas,
697 2668 796 2741 ouibus
817 2666 906 2723 adbuc
923 2664 1046 2735 episcopt

246 2775 365 2837 ordinati
381 2789 434 2830 non
449 2785 512 2828 esse
526 2775 724 2825 monstrentur.
740 2763 828 2819 Etiam
842 2761 895 2817 boo
908 2769 968 2816 acts
981 2771 1048 2815 con·

246 2874 362 2931 tineent.
394 2867 430 2925 Et
456 2865 511 2922 elie
537 2878 627 2920 ntunu.
658 2857 807 2917 Petilienus
833 2854 977 2926 episcopus
999 2865 1046 2907 re·

247 2963 374 3038 cognovi.

283 3077 346 3136 186.
367 3073 538 3132 llorcellinus
556 3070 596 3128 uir
608 3059 906 3125 clarissimus'tributtus
922 3067 947 3116 et
967 3065 1045 3114 rtotu·

1099 1316 1172 1371 teuit.
1203 1313 1371 1371 Fortunatus
1391 1308 1751 1383 episcopustescerttenns.
1785 1303 1901 1373 Curaque

1098 1407 1262 1474 secerneres,
1284 1406 1351 1460 idern
1365 1404 1441 1460 dixit.
1467 1402 1589 1459 Mandoni
1604 1410 1633 1458 ct
1645 1397 1804 1469 subscripsi.
1827 1396 1897 1451 lterte

1098 1498 1224 1554 recitauit.
1248 1495 1411 1569 Peregrinus
1434 1496 1577 1568 episcopus
1596 1492 1751 1550 Suietenus.
1784 1490 1899 1561 Cumque

1099 1594 1249 1649 accessisset
1262 1634 1271 1659 ,
1285 1591 1353 1647 idest
1368 1592 1445 1647 dicit.
1469 1589 1591 1647 blandesi
1605 1598 1634 1646 et
1647 1589 1808 1660 subscripsi.
1832 1587 1899 1641 ltent

1099 1689 1225 1743 recitauit.
1260 1687 1379 1742 bonatus
1404 1684 1549 1755 episcopus
1568 1682 1794 1740 bieslerebitenus
1811 1680 1898 1753 (505).

1062 1790 1087 1851 Β
1100 1779 1215 1851 Cunrque
1224 1779 1381 1841 accessisset.
1393 1778 1461 1833 idem
1471 1777 1545 1832 dicit.
1558 1775 1682 1832 blandesi
1697 1784 1725 1832 et
1737 1774 1896 1851 subscripsi.

1103 1869 1168 1925 item
1193 1870 1318 1926 scaturit.
1360 1868 1481 1926 Gasitsns
1506 1868 1651 1940 episcopus
1680 1867 1898 1938 vegeselitanus.

1100 1964 1215 2032 Cunrque
1225 1963 1381 2026 accessisset,
1392 1961 1461 2017 ident
1471 1961 1548 2017 dicit.
1563 1960 1686 2018 Mendasi
1696 1969 1724 2017 et
1738 1957 1896 2029 subscripsi.

1100 2055 1168 2114 item
1201 2057 1325 2112 recitauit.
1365 2055 1529 2113 Veratianus
1557 2055 1701 2127 episcopos
1728 2051 1898 2126 cespitantes.

1100 2147 1213 2220 Cuntque
1222 2149 1379 2216 accessisset,
1390 2147 1457 2203 idem
1470 2147 1546 2203 dicit.
1562 2146 1686 2202 blandesi
1698 2157 1725 2202 et
1737 2145 1896 2218 subscripsi,

1099 2241 1146 2312 qui
1158 2256 1217 2297 suns
1236 2255 1379 2298 successor
1392 2240 1582 2308 Faustiniani,
1606 2241 1651 2311 qni
1665 2240 1692 2294 in
1707 2239 1812 2295 assitme
1825 2238 1896 2295 seri·

1101 2335 1163 2390 tatis
1188 2333 1275 2390 inerat
1296 2333 1436 2389 ordinatus
1458 2331 1612 2399 abonuto,
1637 2330 1811 2403 postmodum
1830 2346 1895 2388 sero

1100 2428 1266 2498 temporibus
1276 2425 1393 2493 Macerii,
1405 2425 1461 2481 iilic
1470 2434 1642 2482 emerserunt
1657 2422 1814 2481 traditores.
1826 2422 1891 2479 ltent

1099 2521 1223 2577 recitauit.
1253 2519 1373 2578 Gaianas
1399 2519 1545 2588 episeopus
1571 2516 1754 2589 Tiguaiensis.
1785 2515 1895 2589 Curaque

1038 2662 1045 2675 .
1099 2617 1266 2682 accesisset,
1288 2613 1358 2669 istem
1372 2613 1447 2668 dicit.
1470 2611 1593 2667 blandesi
1607 2620 1635 2668 ct
1648 2611 1807 2682 subscripsi.
1830 2610 1896 2665 ltent

1098 2709 1225 2764 recitauit.
1259 2706 1379 2777 Rogatus
1402 2706 1547 2777 episcopus
1570 2704 1752 2761 Perdiccnsis.
1786 2703 1897 2774 Cumque

1098 2803 1257 2868 accessisset,
1274 2800 1342 2856 itlem
1357 2800 1431 2855 elicit.
1455 2797 1577 2854 blandesi
1592 2805 1620 2854 et
1644 2797 1805 2870 subscripsi.
1828 2795 1895 2853 ltenr

1098 2894 1224 2951 recitauit.
1248 2892 1403 2949 Victorinus
1416 2891 1561 2963 episeopus
1573 2889 1661 2964 piebis
1674 2890 1895 2963 Leptiminensis.

1098 2987 1211 3061 Cumque
1223 2986 1380 3051 manasset,
1392 2984 1462 3040 idem
1471 2985 1548 3039 dicit.
1564 2962 1690 3039 blandesi
1698 2988 1727 3040 et
1736 2982 1894 3055 subscripsi.

1098 3077 1166 3136 ltern
1179 3077 1305 3135 recitauit.
1330 3076 1508 3133 bertinianus
1522 3073 1667 3146 episeopus
1680 3074 1734 3131 loci
1746 3072 1897 3132 'liberabe-

247 3175 303 3232 rius
314 3171 390 3229 cteta
408 3170 544 3240 Quantam
559 3165 593 3254 00
604 3161 837 3222 000000000000)
850 3153 970 3224 mindili
985 3166 1083 3244 pes-C
1100 3171 1185 3230 tonsis
1196 3170 1281 3244 (eut).
1298 3168 1414 3242 Cumque
1422 3170 1580 3235 accessisset,
1595 3167 1663 3223 idern
1678 3168 1755 3223 dicit.
1773 3167 1896 3223 blandesi

246 3270 325 3335 tinet,
336 3266 437 3323 euticis
450 3265 477 3321 in
492 3271 607 3333 utraque
621 3265 698 3331 parte
707 3270 801 3313 eorum
813 3265 945 3309 numerus
956 3261 1047 3304 secer-

246 3360 402 3431 donimani
412 3357 500 3416 eidem
511 3347 1044 3418 mandatosubscripsissemonstrantnr.

243 3452 325 3510 Unde
337 3451 441 3520 solique
455 3448 646 3519 perlegantur,
662 3439 808 3514 superfluis
820 3438 963 3494 absentent
977 3448 1044 3502 ceu·

246 3543 399 3603 sationibus
431 3537 620 3611 sequestretis.
657 3533 692 3588 Ει
725 3531 853 3587 recitauit.
886 3524 1046 3596 Quintesius

245 3638 389 3710 episcopus
399 3628 569 3689 boianensis.
585 3625 700 3696 Cumque
712 3620 873 3687 accessisset,
885 3618 956 3674 idem
965 3616 1043 3672 dixit.

242 3730 372 3789 blandesi
393 3738 420 3785 et
437 3722 599 3794 subscripsi.

285 3841 347 3897 lili.
375 3840 487 3912 Alypius
510 3838 645 3908 episcopus
669 3831 783 3889 ecclesie
807 3827 945 3885 cutisoiictc
966 3825 1044 3882 utcu.

246 3934 412 3994 Obliteretur
424 3944 488 4000 ergo
498 3926 663 3996 subscriptio
673 3925 827 3979 absentum.
842 3919 877 3973 lit
889 3918 942 3973 otiu
954 3933 1045 3972 manu.

245 4025 413 4100 Recognosi.
432 4021 466 4079 Et
478 4020 604 4077 recitauit.
617 4015 762 4074 ianuarius
774 4013 919 4083 episeopus
933 4009 1047 4065 Lamas-

1098 3275 1126 3322 et
1137 3263 1295 3337 subscripsi.
1319 3261 1524 3318 ltemreciteuit.
1547 3259 1712 3329 Quintianus
1725 3260 1897 3333 episcopuse

1098 3356 1266 3414 Lacu-dulce
1288 3352 1376 3428 (505).
1411 3353 1608 3410 Valentinianus
1631 3354 1759 3409 diaconus
1784 3355 1897 3425 episcopi

1098 3450 1226 3508 Primiurti
1240 3448 1318 3505 discit.
1338 3446 1410 3503 blele
1426 3446 1517 3503 babet.
1540 3445 1607 3502 ltent
1621 3447 1747 3504 recitauit.
1768 3446 1895 3519 Pelagius

1097 3543 1241 3613 episcopus
1262 3538 1473 3597 Veneriononsis
1487 3536 1575 3614 (506).
1604 3536 1719 3611 curetque
1737 3539 1895 3606 secusium,

1097 3635 1166 3691 idem
1182 3635 1259 3690 dicit.
1281 3631 1405 3689 blandesi
1418 3641 1444 3687 et
1460 3629 1627 3702 subscripsi:
1641 3630 1828 3687 adremartom
1841 3645 1896 3687 nors

1097 3723 1195 3783 babeo.
1219 3725 1286 3781 item
1300 3724 1425 3780 recitarit.
1448 3721 1622 3780 Victorianus
1634 3723 1779 3794 episcopus
1793 3722 1897 3780 'libari-

1098 3828 1187 3876 tanus.
1210 3816 1325 3891 Guntque
1343 3817 1506 3884 occmnsset,
1531 3817 1600 3872 idem
1617 3815 1693 3873 dicit.
1725 3817 1851 3874 blandesi
1867 3827 1897 3875 et

1097 3914 1255 3986 subscripsi.
1287 3912 1355 3968 ltem
1379 3911 1506 3967 recitent.
1539 3909 1724 3967 Primulienus
1747 3910 1893 3983 episeopus

1097 4009 1346 4067 blandesunsitenus
1366 4004 1456 4079 (507).
1492 4001 1607 4074 Cumque
1630 4005 1800 4072 uoeeseisset,
1827 4004 1895 4059 ment

244 4120 349 4180 bensis.
375 4116 490 4188 Curaque
504 4116 669 4175 accessisset,
694 4107 763 4162 istem
777 4105 852 4161 dixit.
877 4101 1002 4159 blandesi
1017 4109 1047 4158 et
1097 4101 1172 4156 dicit.
1194 4099 1325 4156 consensi
1339 4105 1368 4155 et
1381 4097 1541 4169 subscripsi.
1566 4095 1633 4152 ltern
1647 4097 1776 4152 renuerit.
1798 4095 1895 4154 Fortu-

245 4212 405 4284 subscripsi.
427 4209 496 4264 ltent
515 4203 641 4262 recitarit.
663 4200 740 4257 Felix
753 4197 898 4270 episcopus
911 4193 1045 4252 Nosasin·
1097 4194 1223 4251 natianus
1248 4182 1392 4265 episcopus
1420 4190 1561 4247 blesensis.
1600 4187 1715 4260 Cuntpue
1736 4192 1893 4260 cecermret,

246 4304 351 4363 nensis.
380 4296 666 4372 Cumquececenisset,
682 4291 752 4346 idern
766 4289 843 4345 dixit.
873 4286 996 4343 blandesi
1016 4291 1045 4343 et
1096 4286 1251 4361 mittent
1262 4285 1340 4340 dicit.
1351 4281 1475 4340 blandesi
1483 4290 1511 4339 et
1520 4281 1678 4354 subscripsi.
1691 4281 1760 4338 trem
1768 4283 1891 4339 mem

247 4394 407 4467 subscripsi.
438 4391 506 4447 ltcsn
524 4388 652 4445 recitauit.
683 4382 812 4439 llartiaiis
832 4381 976 4452 episcopus
992 4377 1046 4436 ldi-
1096 4375 1408 4448 Felicienusepiseopus
1419 4373 1570 4432 Utinensis.
1599 4372 1892 4445 Catacecaumeniten,

245 4487 361 4548 crensis.
383 4482 497 4550 Guntnue
509 4479 675 4546 accessisset,
692 4475 761 4530 idern
773 4472 849 4528 dieis
876 4470 1003 4527 blandesi
1016 4480 1044 4528 et
1094 4469 1165 4525 idem
1186 4469 1262 4525 diuis.
1293 4466 1416 4524 blandesi
1436 4474 1465 4522 ot
1485 4464 1647 4538 subscripsi.
1675 4464 1744 4521 ltem
1764 4468 1892 4522 recitarit.

244 4575 403 4649 lubsclllssl·
434 4569 640 4629 llssmml'lllil·
670 4565 799 4623 Gldudlss
821 4563 968 4634 episcopus
981 4560 1043 4620 un-
1058 4562 1269 4638 pit'lorentinus
1293 4560 1436 4631 episcopus
1458 4556 1648 4615 a‘i'ubosubtu
1662 4557 1753 4630 (808).
1781 4556 1893 4630 Cumque

243 4673 345 4732 censis.
366 4666 480 4740 Centone
492 4664 656 4730 nuntiaret,
677 4657 747 4715 idem
762 4656 837 4712 dieis
869 4654 995 4711 blandesi
1016 4664 1044 4714 et
1097 4655 1263 4723 coemisset,
1281 4652 1349 4709 idem
1363 4652 1441 4707 dicit.
1465 4650 1589 4709 blandesi
1603 4663 1632 4708 ct
1643 4650 1803 4724 subscripsi.
1826 4651 1893 4707 ltert

244 4842 397 4894 constater
411 4829 555 4901 euplus,
577 4822 691 4905 luendus
715 4826 775 4876 erat
798 4816 935 4888 custosne
957 4815 1041 4889 piebis
1093 4816 1174 4875 docet
1187 4815 1282 4874 notitia
1299 4829 1374 4874 num.
1391 4813 1460 4883 llil,
1482 4813 1529 4871 ubi
1550 4810 1893 4886 appeliaturllcdussuni·

247 4903 469 4963 llurcetiiunensis
483 4912 510 4957 et
524 4896 677 4953 Boeitensn.
1094 4898 1180 4945 tonus.
1314 4899 1321 4906 ·

280 4995 358 5070 (500)
378 4991 567 5068 Apitsnnensis.
593 4983 749 5058 Lugendum
763 4980 900 5037 sidetnrn
922 4978 1041 5035 Pissunis
1130 4983 1206 5056 (508)
1222 4984 1245 5036 A
1260 4981 1422 5038 Tubusuitu.
1434 4942 1471 5035 ‘lo
1487 4978 1582 5036 notitia
1596 4978 1767 5035 Mauritania
1782 4978 1891 5037 Sitiien·

1093 5055 1131 5109 sis
1147 5071 1221 5109 trum.
1236 5056 1268 5118 8.
1283 5055 1403 5109 occurrit
1418 5048 1597 5123 episcopus?
1635 5041 1825 5117 assiduasse,
1843 5064 1892 5120 pro

1093 5141 1148 5196 quo
1172 5124 1315 5196 legendum
1338 5122 1576 5192 Tribusubditenus.
1625 5139 1641 5176 n
1667 5121 1763 5176 notitia
1787 5122 1892 5192 imperii

1093 5195 1207 5252 liabetur
1222 5205 1288 5252 sect.
1304 5195 1339 5252 80
1371 5194 1537 5266 Propositus
1565 5193 1659 5248 limitis
1673 5190 1889 5248 Tubusubditutti.
1928 5215 1938 5228 ·

1092 5266 1274 5340 Tubusuptum
1288 5266 1443 5323 scribebant
1456 5274 1582 5332 setores,
1605 5273 1633 5319 et
1652 5263 1687 5318 ita
1710 5263 1808 5336 legitur
1820 5264 1892 5335 epod

1094 5337 1271 5394 Protemntum
1288 5339 1336 5396 lib.
1350 5353 1392 5406 ts,
1412 5352 1473 5409 cap.
1485 5335 1520 5403 2,
1538 5334 1656 5391 Piitsiom
1670 5334 1718 5390 lib.
1733 5353 1767 5401 s,
1786 5351 1845 5404 cap.
1860 5335 1890 5391 8.

290 5458 576 5536 Sdllliiueuietensis.
588 5454 825 5526 Cujttsprosincies
835 5453 881 5520 sit,
891 5452 1037 5507 incertum.
1092 5409 1491 5551 ‚ffffi‘znfffflnffxffl’lgzffgn‘ffi
1507 5405 1891 5548 ffifflffl'fffigr'affswe

254 5529 1038 5703 .(000000000002ῒοοἐ”000
1091 5546 1889 5695 ιιιιιὲιιιιιιιιιιιι(00000000

238 5703 336 5749 tttenta
350 5687 522 5750 Caesareum,
537 5690 567 5737 ut
579 5680 660 5738 docet
673 5685 768 5732 notttte
783 5692 858 5733 num.
872 5675 916 5730 ll.
1089 5697 1196 5820 fimum,
1210 5695 1268 5765 qui,
1283 5702 1357 5750 ,1201
1381 5693 1494 5749 pappus
1518 5690 1734 5761 ppupngefjpnss
1759 5701 1844 5761 pam,
1870 5706 1888 5748 a

237 5845 242 5855 ‚
274 5770 352 5854 (507)
367 5776 619 5835 Mundusunsitertus.
640 5770 671 5828 ln
686 5767 988 5842 prosincieBpeacene,
1003 5775 1034 5824 ut
1116 5766 1375 5823 usuecurrocolnnia
1388 5764 1485 5823 Sutttm
1499 5777 1585 5836 usqne
1598 5760 1778 5834 pertingebat.

245 5084 294 5127 sen
312 5067 430 5122 Percote.
454 5062 557 5120 Peenno
581 5060 652 5115 inter
672 5054 798 5112 civitates
812 5053 968 5124 byzacenae
990 5068 1042 5109 nu-

245 5148 368 5199 meratur
381 5138 407 5191 in
423 5136 506 5191 reteri
522 5132 617 5189 notitia
631 5143 712 5201 ostem
729 5125 892 5195 &vereginis
906 5123 1003 5180 edidit.

281 5230 357 5306 (508)
376 5226 548 5284 Noscitensit.
566 5223 656 5300 ¹Cujus
669 5218 815 5293 prouinciae
828 5215 875 5284 sit,
891 5217 1039 5274 incertum.

243 5324 359 5457 00))ἓῇ
382 5316 603 5392 M‘iittslitunur.
631 5314 717 5386 Cujus
746 5311 892 5384 prosineiec
914 5310 971 5378 sit,
997 5310 1040 5366 in·
