4142 6175
148 342 201 396 tuti
848 331 1085 394 ntsstttuatto.
1748 339 1800 397 tot

146 455 260 511 cursitans
272 453 302 511 S.
316 454 438 511 Antistes
450 467 465 508 a
475 450 611 510 erinouhio
621 466 684 507 otum
710 450 770 507 uiro
792 451 886 523 gentili
905 450 948 506 ln·
962 454 988 516 Α
1001 443 1146 503 consecrari
1160 445 1216 502 sinc
1235 447 1464 522 meritcpiouidcri
1477 456 1572 520 pateat.
1594 450 1744 509 Antithesis
1759 453 1804 511 hic

146 551 271 606 colenter
282 546 427 603 admodum
437 544 609 602 incommoda
619 544 658 600 illi
669 543 790 610 exalter,
805 559 866 614 grim
876 544 949 599 circa
1001 547 1043 592 est
1058 537 1111 592 ιΙιιιι
1124 536 1268 595 continens
1281 541 1413 596 θιιῑὶῡιιῗθ
1438 540 1558 596 membri
1584 542 1701 601 inlicem
1715 561 1802 618 ‘titho-

146 641 289 714 refigionis
301 639 461 698 exercitium
487 654 521 696 οι
537 638 590 696 poc
613 637 750 695 connubio
773 636 948 708 proventum.
1000 628 1063 685 stu.
1083 629 1323 687 Primam21lh‘us
1343 632 1501 700 sacrificium
1520 633 1652 703 publicam
1667 645 1715 703 est,
1730 645 1803 692 taam

147 736 220 793 lnter
234 734 289 790 alia
309 732 369 790 hmo
393 731 491 788 hahet:
516 730 586 798 Quid
599 729 668 800 qaod
694 729 766 785 illias
791 728 950 797 reemptcium
1000 730 1136 777 secretam.
1164 723 1343 793 Apertissinre
1363 723 1409 780 hic
1425 724 1587 796 exprimitur
1602 728 1755 797 solemnis,
1770 745 1803 786 ac

147 827 281 902 pubiicum
288 836 327 881 est
340 865 349 895 ,
360 833 384 880 et
397 834 471 880 taam
490 822 634 878 secretam?
649 820 728 876 iliius
743 821 859 891 aquosis
872 820 951 875 litere
1001 812 1128 886 swithini
1144 815 1280 873 mmmm
1298 817 1404 885 ⁰¹¹¹²¹¹⁸i
1426 817 1471 875 ⁰⁰5
1495 835 1528 875 ⁰¹
1548 820 1664 878 ahiem
1689 839 1802 897 ¹0⁸P⁰¹¹·

147 919 254 975 troctari
264 927 359 992 potest,
370 927 443 972 tamn
465 916 543 971 etiarn
557 933 573 970 o
588 911 742 970 Christianis
764 912 829 984 ipsis
845 912 950 967 minime
1000 906 1068 964 dent
1082 911 1177 976 uerha,
1189 908 1275 965 Tuam
1285 920 1431 978 secretum,
1446 928 1507 985 qam
1521 921 1616 986 aperte
1626 914 1756 986 vertum,
1770 934 1804 975 aa

147 1011 306 1071 coniuratis
329 1009 534 1080 aiassasrilegio
558 1007 640 1064 uideri
662 1023 713 1062 aon
736 1015 829 1075 potest.
859 1007 897 1061 lta
923 1006 950 1063 in
1000 1001 1129 1073 periculis
1151 1002 1309 1073 ‚plenisque
1337 1004 1497 1076 atpraanis
1522 1005 1630 1062 indictis
1656 1008 1802 1067 obnoxiam

147 1106 269 1161 editione
291 1102 385 1158 altima
411 1099 591 1157 Veronensi:
613 1110 641 1155 at
663 1100 690 1154 in
714 1099 767 1155 hoo
790 1098 950 1155 pistoriensi
1001 1091 1162 1163 religionem
1184 1091 1368 1152 Christianam
1389 1095 1553 1168 significant.
1577 1096 1679 1155 liuram
1705 1101 1803 1159 aerho-

149 1212 201 1253 rna.
211 1211 259 1270 pra
272 1193 410 1266 sacrilegia
421 1193 496 1249 haist
506 1193 645 1262 rocmficio.
657 1190 741 1246 Taum
750 1192 827 1247 etiarn
838 1190 952 1247 aChris-
987 1190 1061 1240 'ruth
1075 1200 1186 1243 sensum
1201 1202 1290 1260 acque
1303 1190 1414 1260 quinta.
1430 1205 1517 1263 neque
1530 1204 1628 1264 quarto
1638 1194 1740 1250 saeculo
1759 1212 1804 1252 ac·

149 1292 227 1346 tiarcis
238 1288 304 1361 ipsis
315 1287 421 1341 minime
430 1286 584 1341 consecratis
594 1285 650 1340 rinc
659 1283 794 1357 sacrilegia
808 1282 889 1338 uideri
900 1298 952 1338 aare
1001 1277 1170 1334 ⁰⁰¹¹¹¹¹¹⁰d³fi
1183 1280 1330 1351 possejam
1345 1280 1471 1338 lfflfflffi·
1493 1282 1647 1340 Secundam
1660 1287 1801 1356 ⁰li¹²i⁰¹¹iis

151 1393 240 1456 mm·
250 1379 453 1438 mmmmm
467 1377 595 1434 pagrum:
608 1376 694 1431 guum
704 1376 811 1432 ,pam
825 1375 953 1431 cumpca.
1003 1385 1052 1425 sea
1072 1372 1215 1428 antithesis
1228 1373 1380 1431 membrum
1399 1376 1494 1432 :illias
1508 1394 1524 1431 a
1543 1380 1632 1450 quouis
1647 1380 1726 1436 hiere
1736 1390 1805 1437 trac-

151 1479 189 1535 ιώ
202 1476 267 1545 ipsis
281 1475 386 1530 ausinae
399 1470 543 1527 consecrari
564 1470 619 1525 siae
642 1468 781 1541 sacrilegio
807 1467 887 1523 uideri
906 1483 952 1537 pc·
1003 1465 1055 1518 tari
1074 1474 1168 1536 potest.
1191 1466 1317 1525 Libertas
1337 1468 1381 1525 hic
1400 1470 1508 1541 politice
1530 1471 1610 1528 idolis
1632 1474 1804 1532 sacrihcsmdi

152 1579 206 1626 test.
219 1566 285 1623 lircc
294 1566 375 1622 verba
386 1580 394 1622 :
406 1563 484 1618 litias
498 1562 655 1630 sucrificium
677 1561 808 1631 publicam
818 1569 865 1627 est,
879 1569 954 1615 tuam
1003 1559 1148 1616 manilesto
1158 1558 1285 1617 edicitur.
1301 1560 1386 1617 Taum
1398 1561 1664 1622 etiauroChristianic
1675 1568 1740 1637 ipsis
1753 1568 1805 1623 uri·

153 1669 285 1717 secretum.
305 1656 385 1713 lilius
407 1655 522 1728 apannis
544 1654 737 1740 iiherstractari
758 1663 862 1726 potest,
881 1661 953 1707 taum
1004 1651 1074 1705 nime
1086 1654 1230 1708 consecrari
1245 1653 1301 1710 sine
1325 1655 1463 1728 sacrilegio
1481 1657 1562 1713 uideri
1584 1669 1667 1731 potest
1682 1674 1692 1714 .·
1705 1660 1805 1731 quihus

153 1752 261 1806 etiams
283 1746 437 1805 Christianis
451 1746 515 1820 ipsis
528 1745 633 1801 minime
652 1745 798 1800 consecrari
819 1745 868 1817 (ita
887 1759 949 1800 cum
1006 1743 1098 1801 uerbis
1121 1745 1272 1803 libertatem
1289 1748 1428 1821 religionis
1451 1750 1614 1809 Christianis
1637 1753 1754 1811 ehlatanr
1768 1756 1806 1812 si·

154 1844 232 1901 editis
247 1843 339 1915 legere
357 1841 446 1913 placet
458 1838 609 1896 rationihus
635 1836 749 1894 interius
775 1835 951 1909 deducendis)
968 1836 1125 1905 Bgoihcari
1140 1853 1221 1895 nenio
1230 1839 1292 1908 jare
1308 1841 1409 1911 promrit
1421 1842 1537 1900 inhciari
1552 1886 1559 1911 ,
1573 1860 1606 1902 ac
1624 1846 1739 1916 proinde
1752 1863 1805 1918 op·

156 1938 207 1992 siue
220 1934 359 2008 sacrilegio
371 1931 451 1989 vidui
464 1940 546 2004 potest
554 1947 564 1998 ;
575 1929 633 1987 hmo
645 1929 738 1996 recha,
750 1929 872 2000 iriquum,
885 1937 953 1983 tern-
1006 1928 1105 1999 positia
1118 1944 1199 1999 qoam
1211 1930 1342 1989 orationis
1353 1934 1405 2000 ais,
1416 1944 1445 1991 et
1459 1946 1572 1994 ornatas
1587 1939 1671 2011 erigit
1690 1939 1741 1996 hac
1752 1941 1808 1998 lere

156 2027 265 2101 porihas
276 2026 404 2083 iudicatis
418 2039 516 2095 uentpe
528 2024 563 2079 ah
584 2036 656 2078 anuo
670 2019 724 2078 sm
737 2020 770 2077 ad
783 2036 883 2077 annam
899 2019 953 2077 580
1006 2018 1080 2075 tione
1091 2021 1296 2079 euidentissima
1313 2035 1366 2081 εει.
1389 2026 1428 2082 Eo
1440 2044 1506 2085 uero
1520 2030 1613 2096 rarodo,
1627 2046 1683 2101 quo
1694 2031 1806 2105 legunt,

156 2122 302 2179 mrnrenire
329 2119 405 2176 utillo
432 2117 514 2174 modo
538 2126 664 2188 possunt.
686 2116 765 2173 hono
779 2118 879 2189 quiippe
898 2115 953 2172 il'oh
1004 2120 1087 2185 atque
1100 2116 1360 2187 explicanthomioi
1374 2119 1514 2180 Ballerinii
1528 2139 1627 2181 sensus
1645 2125 1676 2182 S.
1690 2126 1808 2185 Zenonis

157 2212 314 2270 Constantio
326 2209 498 2269 Constantini
513 2208 600 2281 llagui
624 2207 694 2264 Filio
708 2207 878 2279 imperante,
894 2209 954 2280 lege
1006 2220 1061 2261 non
1078 2216 1185 2264 crrrrstat
1197 2218 1223 2265 et
1233 2210 1376 2268 antithesis
1387 2213 1439 2283 uis,
1458 2223 1486 2271 et
1498 2218 1735 2276 ornatastollitor.
1753 2220 1808 2276 llo·

158 2307 190 2363 ah
199 2304 296 2363 eodem
310 2304 469 2361 Constantio
482 2303 535 2358 lata
552 2343 560 2369 ,
581 2302 680 2372 templa
692 2300 825 2358 idolorum
839 2303 930 2358 clausa
944 2342 953 2368 ,
1006 2297 1065 2354 lant
1078 2301 1180 2372 quippo
1193 2316 1242 2373 per
1260 2303 1305 2361 itta
1327 2307 1408 2362 uerha
1428 2317 1502 2364 tuum
1516 2320 1640 2366 secretam
1661 2314 1808 2386 significari

159 2417 189 2461 ac
201 2399 333 2456 sacrilieia
350 2396 493 2453 interdicta
508 2397 628 2462 inerant,
644 2408 695 2451 nec
710 2402 829 2451 reserata
842 2395 953 2465 templa,
1008 2390 1140 2448 Ecclesiae
1151 2394 1322 2466 disciplinam
1333 2398 1361 2453 in
1383 2390 1545 2457 occultanda
1563 2404 1734 2462 sanctissima
1749 2406 1807 2464 Eu·
1863 2414 1865 2417 ’

159 2491 331 2549 acsacrihcia
343 2490 424 2546 idolis
449 2488 581 2561 permissa
599 2530 606 2555 ,
623 2487 674 2545 nisi
687 2502 759 2543 aurio
780 2487 829 2543 stt
847 2486 955 2543 taliano
1007 2481 1136 2539 charistia
1160 2500 1215 2541 oon
1236 2488 1317 2543 modo
1331 2488 1484 2547 Gentilibus
1499 2531 1507 2557 r
1531 2494 1579 2549 ⁸⁶⁴¹
1593 2496 1806 2556 catechumenis·

158 2588 286 2657 hpostata
297 2583 330 2640 ad
344 2581 488 2654 imperium
503 2589 565 2652 post
588 2580 776 2637 Constantiam
802 2578 885 2636 elato.
906 2577 956 2634 tu·
1008 2580 1142 2636 secretam
1152 2592 1241 2648 uarat,
1259 2585 1356 2657 quippe
1367 2587 1437 2656 gaad
1449 2602 1482 2643 es
1495 2578 1591 2643 Arcani
1612 2591 1753 2661 disciplina
1765 2610 1809 2649 aa·

158 2679 245 2759 hunus
256 2688 345 2733 tamen
356 2674 436 2732 idolis
450 2674 514 2731 licet
527 2675 630 2730 cattam
640 2674 785 2730 restituere
793 2672 953 2739 studuisset,
1006 2673 1135 2743 triticiam
1144 2691 1189 2730 ssa
1210 2673 1383 2732 Eucharistioe
1398 2678 1548 2749 mysterium
1569 2695 1621 2736 rron
1636 2698 1753 2755 paganos
1767 2700 1810 2741 co·

158 2785 305 2840 nrrrnqnam
320 2777 409 2823 tameo
420 2764 637 2824 Christianorum
651 2763 785 2820 sacrificia
796 2764 881 2821 vetuit
895 2764 955 2821 bre·
1010 2765 1080 2833 larii,
1096 2767 1141 2820 sect
1153 2766 1431 2837 ipsaacatechumsaas
1449 2780 1572 2827 accurate
1583 2771 1720 2829 rotradum
1728 2786 1809 2833 esset:

158 2864 270 2919 sissimo
282 2861 402 2933 imperii,
416 2874 465 2917 sea
476 2858 628 2932 tyrannidis
642 2874 699 2914 suae
714 2857 841 2915 decursa.
857 2859 956 2915 Postea
1008 2854 1045 2911 lit
1059 2871 1108 2925 pro
1120 2856 1166 2914 illo
1178 2858 1264 2915 serbo
1279 2862 1446 2929 comscrari,
1463 2862 1499 2916 ita
1519 2862 1670 2933 corrigunt.
1692 2863 1809 2939 Lepcis·

156 2971 223 3012 uero
233 2954 376 3012 lasiniano
390 2952 417 3008 in
433 2951 577 3023 imperium
590 2951 814 3017 succederemus
830 2950 955 3017 Valerus,
1009 2949 1086 3004 turin
1095 2950 1170 3005 editis
1184 2949 1515 3009 cousecratizcorresiaras
1526 2971 1558 3011 ec
1571 2972 1619 3014 ms.
1633 2954 1808 3029 Pompeiano,

156 3059 186 3107 et
201 3048 402 3116 talentiniano,
417 3055 473 3102 tum
484 3043 627 3111 Gratiano,
642 3059 675 3101 ac
697 3043 889 3102 Valentiniana
910 3042 957 3100 tu·
1009 3045 1315 3103 ctdaohasdenouiruis
1330 3048 1444 3120 (scilicet
1463 3051 1643 3124 consecratis)
1663 3051 1812 3112 Consecroti

156 3144 246 3212 aisne,
261 3158 293 3198 ac
308 3142 416 3197 domam
427 3139 582 3197 Theodosio
594 3140 627 3193 ad
642 3155 743 3194 anrmm
759 3137 813 3194 tao
830 3152 915 3208 risque
930 3149 958 3193 et
1009 3147 1097 3193 uatem
1121 3139 1272 3195 dicebantur
1292 3143 1336 3213 qui
1355 3140 1491 3215 Boptimm
1518 3159 1693 3218 susceperant.
1717 3148 1811 3221 ltaque
1870 3137 1876 3144 ’

157 3236 283 3300 ulterius,
295 3234 420 3307 qaanrris
432 3233 573 3306 gentilium
599 3230 757 3302 superstitio
780 3230 870 3287 aditae
894 3228 993 3302 per-C
1010 3235 1116 3290 ririnime
1129 3238 1275 3291 corrsecrati
1292 3246 1350 3292 sant
1365 3239 1539 3294 catechumeni
1553 3280 1561 3306 ,
1573 3243 1617 3312 pai
1627 3242 1681 3296 otio
1698 3243 1812 3315 formula

157 3334 329 3397 mitteretur,
347 3337 437 3383 tamen
455 3326 675 3383 Christianorum
698 3326 827 3383 ecclesias
843 3325 930 3396 palam
948 3366 955 3394 ,
1009 3330 1115 3384 interime
1125 3330 1222 3385 initiati
1232 3330 1392 3400 dicebantur,
1412 3333 1546 3403 deputans
1559 3351 1593 3390 ec
1606 3339 1812 3394 aremarotatlir·

156 3440 192 3480 ac
218 3423 325 3494 puhlice
351 3420 557 3495 frequentatas,
584 3420 676 3491 ibique
703 3420 789 3476 lihcre
824 3418 957 3475 sacriticia
1009 3423 1108 3491 eiptinu
1121 3409 1325 3481 orcanieoutanr
1344 3435 1417 3495 erat,
1430 3428 1499 3483 aeia
1521 3427 1694 3486 Eucharistiae
1712 3430 1812 3489 Socra·

157 3517 311 3575 christiano
320 3530 397 3572 aiore
413 3524 521 3587 peracta
536 3514 620 3569 inisse
633 3528 667 3569 ex
680 3512 792 3569 historia
808 3511 959 3568 Ecclesiae·
1010 3528 1124 3572 tarentum
1137 3517 1228 3574 oculas
1241 3520 1408 3594 conjicerent.
1422 3520 1450 3577 Si
1472 3536 1522 3593 pro
1535 3523 1646 3580 minime
1666 3540 1812 3583 consecra·

159 3611 213 3667 tica
240 3610 419 3667 iadahitatam
453 3617 506 3666 est.
532 3607 602 3665 Tuto
630 3606 721 3678 itaque
750 3606 801 3662 isto
836 3613 958 3677 tempure
1010 3609 1046 3666 tis
1064 3609 1255 3667 catechumeni
1279 3611 1448 3683 intelligendi
1463 3623 1566 3680 essent,
1592 3615 1813 3676 nihiladloten·

158 3720 258 3776 nempe
273 3704 308 3761 ah
318 3720 390 3759 anno
405 3702 458 3761 sto
473 3702 507 3759 ed
522 3716 622 3757 arritum
636 3699 690 3756 aaa
703 3708 731 3756 et
742 3699 814 3756 ultra
828 3698 958 3756 Christia—
1010 3708 1067 3756 tum
1089 3701 1330 3772 argumentationis
1353 3701 1477 3760 tacerent
1504 3704 1537 3759 tt.
1560 3704 1682 3764 Zeirenia
1706 3708 1811 3775 uerba,

159 3814 258 3856 norum
269 3797 404 3860 saorihcia
414 3795 520 3869 puhliea
535 3793 630 3861 luere,
649 3802 677 3851 ει
690 3793 776 3851 iibere
798 3793 890 3867 peragi
909 3809 960 3867 po-
1010 3790 1155 3848 autithesis
1176 3791 1249 3848 nulla
1264 3791 1291 3848 io
1308 3792 1361 3849 illis
1378 3804 1469 3851 esset:
1485 3793 1551 3851 Nam
1567 3797 1649 3853 etiam
1664 3798 1688 3854 si
1702 3814 1718 3853 a
1731 3813 1812 3855 coris·

160 3903 283 3958 trierant,
296 3908 350 3948 non
364 3900 486 3948 secreta:
500 3890 593 3962 ltaqrre
613 3903 667 3946 nan
679 3887 732 3945 hoc
751 3897 872 3957 tempore
892 3889 959 3945 scri·
1011 3884 1138 3955 pieieudo
1160 3884 1295 3942 saerilieio
1319 3895 1480 3944 arcerentur
1506 3889 1712 3960 catechumeni,
1725 3891 1813 3963 puhli-

159 3987 242 4044 hchat
256 3988 287 4042 S.
300 3986 383 4052 Zeno,
397 3984 442 4056 qrri
458 3992 568 4040 econtra
583 3982 632 4050 ait,
656 3980 803 4039 Gentilium
825 3979 959 4037 sacrificia
1010 3992 1073 4035 caru
1100 3977 1275 4038 nihilomiuus
1298 3979 1393 4038 inisset
1425 3983 1611 4053 sacchinum,
1638 3996 1666 4042 ει
1690 3986 1775 4044 libere
1796 4003 1811 4043 a

160 4080 268 4153 publico
278 4093 351 4144 esse,
365 4085 414 4133 eta
430 4075 526 4146 quovis
538 4074 624 4132 lihere
637 4074 747 4132 tractari
761 4087 853 4145 posse,
867 4071 960 4129 Chris·
1011 4068 1176 4129 Christianis
1189 4072 1280 4145 peragi
1294 4073 1446 4144 potuisset:
1464 4090 1606 4146 perperam
1623 4078 1715 4150 itaqrre
1728 4077 1813 4136 ditis-

162 4172 296 4229 tianorum
326 4185 390 4225 uero
410 4179 527 4225 secreta.
555 4167 647 4224 'lertio
668 4166 759 4238 itaque
777 4165 880 4222 secato
903 4174 959 4220 tum
1011 4173 1055 4221 set
1066 4163 1096 4222 S.
1113 4165 1213 4222 hoctor
1230 4183 1236 4219 :
1253 4164 1420 4235 Sacrificium
1435 4167 1566 4236 patticam
1579 4178 1632 4237 ert,
1647 4181 1718 4225 trram
1729 4187 1813 4227 secrc-

162 4282 225 4322 cnm
251 4264 399 4322 Gentilium
429 4261 564 4319 seeriaeta
594 4260 703 4332 puhlica
727 4267 826 4328 erant,
852 4269 960 4316 secreta
1012 4264 1075 4311 tram.
1095 4254 1303 4325 itliurapaoais
1321 4256 1520 4312 tiheretractari
1534 4268 1616 4330 potest
1630 4300 1638 4326 ,
1654 4262 1812 4316 tuearetiam

161 4355 391 4421 Christianorum,
406 4351 595 4412 constituenda
611 4361 653 4409 est
667 4352 696 4408 S.
712 4350 830 4407 Zenonis
844 4350 958 4422 epocha,
1012 4346 1194 4404 oChristionis
1208 4349 1272 4420 ipsis
1286 4349 1392 4404 minime
1402 4351 1546 4405 consecrari
1560 4351 1616 4407 siae
1626 4351 1762 4427 sacrilegio
1775 4354 1813 4409 ui·

162 4459 193 4506 at
203 4449 347 4517 Barooias,
358 4447 482 4505 Perettus
494 4488 502 4513 ,
513 4455 542 4504 et
554 4445 665 4517 Bagatta
679 4443 848 4500 constituunt
867 4452 959 4498 notam
1012 4443 1069 4497 deri
1087 4449 1181 4512 potest.
1196 4439 1480 4513 occultationumque
1501 4443 1680 4501 sanctissime
1702 4444 1811 4501 Eucha-

107 4566 108 4570 =
162 4542 237 4599 thorn
251 4541 305 4599 ttttl
329 4554 461 4597 annorum
485 4554 539 4595 uon
559 4555 594 4594 es
619 4536 756 4605 arhitrio,
779 4550 830 4591 non
854 4534 961 4607 proprio
1012 4532 1097 4590 ristim
1109 4532 1332 4599 catechumenis,
1359 4542 1388 4590 et
1405 4548 1501 4592 earam
1522 4536 1558 4592 ah
1577 4536 1693 4594 ecelesia
1714 4538 1813 4610 ejectio

162 4644 254 4702 rrirrrte,
275 4650 355 4705 aeque
368 4633 422 4689 allo
432 4632 521 4687 codice
537 4629 631 4696 inoici,
645 4627 685 4684 uel
694 4636 783 4683 contro
796 4626 875 4698 pidem
889 4627 958 4683 codi-
973 4621 998 4682 D
1012 4632 1135 4696 tempore
1157 4624 1302 4694 saerihcii,
1325 4641 1414 4699 oeque
1436 4636 1574 4686 secretum
1595 4629 1812 4688 Christianorum

162 4743 232 4794 errari,
245 4725 293 4782 sed
306 4741 339 4781 ex
354 4726 414 4796 tpso
427 4725 507 4795 hujus
523 4730 653 4779 tractatus
678 4727 808 4778 contextu
821 4721 961 4792 corrigen-

163 4803 216 4881 tes,
232 4828 260 4873 at
275 4818 327 4872 alia
338 4816 476 4888 corrigunt
490 4817 515 4872 in
527 4809 571 4871 his
583 4813 686 4871 eisdem
703 4813 734 4870 S.
759 4812 876 4870 Zenonis
890 4820 960 4868 trac-

163 4911 264 4967 tarihus
276 4908 472 4966 accuratissimi
485 4905 636 4964 Ballerinii.

201 5004 234 5058 Et
264 5001 323 5058 haec
345 5001 487 5073 potissima
507 5001 579 5057 ratio
607 5008 669 5066 est,
697 5013 746 5056 cur
768 5015 829 5071 qum
854 4999 882 5056 in
906 4997 961 5056 edi-

142 5097 199 5152 etis
213 5095 292 5151 lectio
303 5092 430 5161 hahetur,
443 5091 482 5148 illi
492 5091 664 5164 preferatur,
679 5106 760 5162 qaam
781 5091 863 5148 iidem
878 5091 905 5146 in
919 5089 961 5147 al·

162 5189 230 5245 tima
243 5186 393 5244 Veronensi
407 5182 752 5255 editiorrealierao13quod
764 5182 822 5238 haec
837 5182 960 5250 rrrioime,

163 5280 210 5337 itta
232 5294 299 5336 uero
313 5278 432 5335 maxime
453 5277 545 5335 sensui
564 5273 712 5332 coaiormis
731 5273 855 5340 existat,
880 5288 961 5344 quern

163 5372 266 5445 ipses.
284 5369 403 5429 Zenonis
425 5378 557 5426 tractatus
571 5367 664 5440 erigit.
684 5367 714 5424 S.
730 5365 830 5423 etenim
845 5364 961 5433 doctor,

165 5475 196 5522 ut
213 5465 395 5523 Christianam
408 5464 544 5519 deterreat
557 5461 697 5517 mulierem
717 5475 732 5513 a
747 5458 884 5516 connuhio
901 5473 961 5514 eam

164 5558 258 5631 gentili
273 5559 343 5626 uiro,
355 5555 516 5613 Christiane
535 5552 697 5626 religionis,
713 5563 741 5609 ει
754 5551 887 5608 idolorum
908 5549 967 5605 cut·

166 5658 223 5707 tum
239 5650 355 5706 inuicem
370 5648 486 5705 confert.
501 5644 581 5702 illius
594 5644 644 5719 (ita
661 5643 690 5701 S.
705 5643 794 5716 Zeno)
810 5644 966 5715 sucrificium

1012 4717 1177 4775 sacrificium
1191 4717 1320 4789 iaciebat,
1334 4735 1424 4792 neque
1437 4719 1490 4778 iltis
1509 4719 1664 4780 libertatem
1678 4722 1815 4781 adiroehat

1016 4810 1196 4868 sacriheandi.
1218 4810 1253 4869 Ut
1277 4812 1359 4884 igitur
1377 4824 1485 4871 eorrstet
1504 4828 1602 4878 sensas
1623 4815 1814 4887 predictonnn

1013 4904 1170 4971 verhoruru,
1183 4920 1230 4973 pro
1240 4905 1407 4973 caruecratis,
1420 4908 1567 4962 consecrari
1584 4906 1728 4980 legendum
1749 4921 1812 4977 est,

1013 5006 1041 5053 et
1056 4995 1091 5053 de
1106 4996 1232 5053 lihsrtate
1248 4996 1410 5054 Christianis
1436 5013 1452 5055 a
1472 4999 1595 5071 tyrannis
1622 5001 1712 5057 ahlata
1736 5016 1813 5059 sacra

1014 5088 1165 5146 ministeria
1185 5088 1332 5161 peragendi
1352 5101 1416 5147 sunt
1430 5090 1623 5164 intelligenda,
1636 5094 1673 5152 ita
1689 5096 1815 5166 exigente

1016 5182 1076 5254 ipso
1089 5182 1226 5238 sermonis
1238 5190 1367 5238 contestu
1382 5224 1391 5250 ,
1406 5183 1479 5255 quod
1494 5200 1581 5257 neque
1600 5189 1711 5258 girarti,
1727 5204 1816 5263 neque

1014 5273 1103 5346 quinti
1120 5272 1212 5328 seculi
1234 5271 1438 5330 conditionihos
1455 5276 1603 5345 conuenit;
1624 5278 1674 5335 sed
1687 5294 1814 5337 necessa·

1014 5368 1058 5426 rio
1073 5368 1145 5424 tertii
1155 5366 1247 5424 secali
1260 5376 1360 5424 statam
1373 5366 1484 5439 indicat,
1499 5371 1608 5442 quaudo
1621 5374 1815 5445 imperatorum

1015 5459 1097 5518 editis
1108 5471 1244 5529 tamquam
1256 5459 1409 5532 sacrilegi,
1423 5462 1592 5536 deommqae
1614 5473 1816 5538 contemptores

1016 5551 1119 5609 Christi
1140 5549 1234 5609 ddeles
1246 5551 1449 5625 puniebantur,
1467 5556 1513 5629 qui
1533 5571 1610 5613 saera
1633 5568 1814 5631 peragerent,

1016 5644 1060 5699 rel
1075 5643 1161 5700 saeris
1175 5644 1350 5702 interessent.

167 5745 299 5812 pahiieum
313 5753 351 5798 est
369 5783 375 5807 ,
392 5749 463 5795 trram
480 5749 627 5804 secretum·
650 5735 729 5793 illius
750 5756 766 5794 a
787 5737 875 5809 quouis
890 5736 968 5792 iihers
1053 5736 1124 5794 ttitnt
1136 5736 1337 5810 [repitentiasin
1350 5739 1470 5811 antiquis
1485 5742 1763 5798 mssarnanrrcasiuaa
1775 5741 1817 5796 hr-

167 5838 273 5891 trseton'
283 5841 365 5922 potest
379 5873 387 5901 ‚
400 5843 473 5890 tuum
494 5830 571 5888 crtum
587 5845 603 5884 a
617 5825 772 5887 Christianis
789 5829 852 5900 ipsiu
865 5826 968 5886 maian
1017 5830 1094 5889 cario
1107 5846 1189 5890 anam
1200 5830 1321 5890 litteram
1337 5847 1386 5903 pro
1410 5834 1463 5890 alia
1489 5831 1632 5901 scrihere,
1659 5832 1696 5890 ita
1712 5845 1751 5893 ut.
1768 5849 1816 5907 prc
