4142 6175
228 240 282 302 ttllt
310 181 316 188 ι
931 232 1054 300 siccut
1072 232 1218 300 cunctis
1829 234 1882 294 lilii

231 376 296 417 uero
316 358 350 416 ari
377 358 513 420 uiduitatis
539 358 665 418 sudorem
685 356 831 434 gloriosum
856 354 1026 426 palmamque
1042 354 1247 428 llugrrlantrrr,
1260 352 1429 428 qnaeclrristl
1448 354 1558 426 ingrata
1572 348 1721 414 lrcncllciis,
1735 360 1832 420 sponte
1849 347 1884 406 ad

231 467 431 525 provocarerm
449 452 526 510 nobis
540 449 662 507 lortassia
676 449 823 518 insultent,
845 448 907 519 qnia
927 453 1030 503 nostr-‘o
1081 457 1215 513 mortem,
1230 446 1265 503 de
1284 463 1336 519 qua
1359 453 1518 514 euaserant,
1542 453 1723 500 reuertuntur.
1740 439 1807 498 Cum
1835 442 1885 512 iqi-

231 559 316 601 sscrm
336 542 455 614 uirgines
468 541 610 613 viduaeque
623 556 721 613 magno
744 556 794 614 pro
820 537 1031 598 immortalitatis
1082 546 1126 594 tnr
1144 553 1252 614 semper
1275 538 1417 598 insidietur
1435 553 1465 594 se
1478 553 1532 594 non
1553 533 1883 608 quarentibusrttabolrrs,

232 636 361 709 praerrrio,
377 641 535 691 sumentem
550 633 636 706 graiis
656 633 790 696 laborent.
806 629 976 688 terrrmtrm
988 631 1031 684 esi
1083 633 1231 700 estimare,
1248 632 1311 705 quid
1326 631 1407 689 iaciat
1429 632 1575 687 inritatus:
1590 629 1635 686 cui
1653 642 1750 685 omues
1769 627 1885 684 uoccndi

232 732 340 798 solum,
355 741 406 783 nos
427 728 454 783 in
472 744 527 799 qno
545 728 695 796 vincimus,
708 727 769 801 qula
790 740 840 800 pro
859 740 908 782 sna
928 723 1032 778 sancti·
1082 725 1172 783 aditus
1186 725 1316 790 reserati,
1332 733 1461 796 prestant
1479 724 1538 781 sine
1563 738 1669 795 prmus,
1686 722 1745 778 sirm
1767 720 1822 786 ullo
1844 719 1885 778 la·

233 830 289 879 tate
302 820 457 878 christianam
476 821 537 892 plus
551 820 664 877 nubunt.
681 820 759 876 Adde
772 816 844 890 quod
865 814 925 889 (cl)
938 813 1031 872 Genti-
1083 817 1150 874 bore
1165 817 1306 874 uictoriam
1321 836 1327 871 :
1342 833 1396 873 non
1410 816 1483 874 enim
1497 814 1639 872 conabitur
1653 814 1680 868 in
1694 812 1826 870 ditionem
1842 826 1887 869 re-

232 915 303 970 buss
318 912 389 984 quod
402 913 461 970 sine
472 912 568 970 cotom
583 927 696 984 magno,
708 910 751 968 uel
763 911 864 983 gemitu
875 923 929 965 uon
943 911 1033 979 potest
1084 909 1178 983 digere
1191 925 1287 980 snam,
1302 925 1363 983 qnae
1376 925 1437 968 esse
1447 910 1506 982 clus
1515 909 1627 968 ambivit
1640 907 1748 964 ancilla.
1765 907 1794 965 ln
1804 906 1888 964 domo

235 1005 298 1064 dici.
1085 1002 1204 1075 denique
1218 1017 1279 1074 qnae
1292 1011 1443 1074 geruntur,
1462 1001 1510 1058 sed
1531 1009 1560 1057 el
1579 999 1644 1074 ipsis
1663 998 1689 1054 in
1705 995 1791 1064 lauis,
1807 996 1887 1054 Cirri-

271 1093 327 1155 tlt.
347 1096 414 1168 Quae
427 1096 500 1154 enirn
511 1111 565 1154 mr
578 1138 586 1165 ,
598 1111 659 1166 quac
673 1094 823 1167 increpatio
837 1092 886 1149 itas
901 1089 1035 1160 condique
1086 1095 1173 1151 stiana
1190 1093 1294 1163 lldelis,
1316 1095 1376 1150 sine
1398 1105 1425 1152 te
1440 1109 1500 1151 esse
1523 1110 1577 1152 uon
1598 1101 1732 1168 poterunt,
1759 1090 1814 1168 59
1825 1092 1889 1164 qnia

234 1193 322 1265 possit
338 1192 472 1263 argucrcl
485 1207 545 1264 quac
559 1190 678 1249 dedecus
692 1205 771 1247 sumn
785 1187 926 1260 sacrilegio
940 1184 1037 1241 dotan-
1087 1203 1156 1243 uxor
1167 1185 1259 1243 infelix
1274 1202 1322 1255 es,
1338 1187 1360 1242 si
1376 1187 1466 1244 nescis
1485 1185 1549 1258 quid
1564 1194 1660 1260 agatur
1674 1182 1701 1242 in
1729 1184 1811 1241 domo
1825 1201 1832 1239 :
1847 1183 1891 1240 in·

235 1293 295 1350 tes,
312 1287 431 1340 membra
451 1282 759 1341 cbristidatrnonlorum
779 1280 867 1337 sortis
885 1276 1034 1342 addicunt:
1088 1280 1191 1338 lelicior
1203 1288 1296 1348 certe,
1310 1279 1334 1336 si
1345 1279 1450 1336 scieris.

235 1375 545 1447 beljtenptumpmtarrts
557 1370 806 1446 patelacinrrttliii
819 1369 937 1426 sacraris
951 1381 1036 1438 usquc
1127 1371 1192 1430 tttt.
1212 1372 1402 1441 Proponamus
1423 1372 1531 1444 itaque,
1556 1379 1585 1426 nl
1604 1386 1678 1450 supe
1697 1369 1848 1443 contingit,
1863 1372 1891 1428 ln

236 1469 293 1542 ipsa
308 1466 462 1535 detrudant,
475 1479 553 1524 sacra
565 1466 748 1533 contundunt,
762 1461 861 1519 amissa
872 1462 933 1519 luce
944 1460 1039 1517 tatan-
1089 1480 1173 1520 unum
1185 1464 1292 1526 sibimet
1305 1464 1577 1521 convenirediscrsu
1588 1463 1728 1538 religionis
1737 1463 1825 1531 diem,
1837 1480 1893 1536 qrm

197 1546 200 1554 ’
237 1568 278 1617 tus
292 1559 320 1616 iu
342 1559 483 1630 tenebris,
498 1559 630 1616 babentes
651 1558 732 1627 latta,
757 1570 812 1611 nott
830 1553 937 1611 domos.
951 1553 1039 1625 iligna
1091 1557 1139 1613 tibi
1161 1554 1293 1622 Ecclesia,
1308 1555 1347 1612 illi
1361 1555 1483 1614 adeunda
1499 1556 1554 1628 sint
1566 1554 1626 1638 (ab)
1643 1555 1754 1632 templa.
1770 1555 1830 1630 Quo
1840 1572 1891 1630 ge.

275 1765 335 1840 (iil
349 1762 480 1836 Coniugia
493 1761 704 1820 christianarum
721 1756 882 1814 iemirrarrrm
896 1769 957 1814 enm
969 1754 1035 1836 uiris
1050 1758 1075 1820 Β
1089 1753 1220 1826 Equidem
1242 1755 1452 1814 christianorum
1466 1756 1596 1813 ecclesias
1610 1756 1698 1827 templi
1714 1756 1825 1818 nomine
1845 1774 1894 1831 np-

239 1836 349 1909 paganis
359 1849 439 1904 qnam
454 1835 598 1904 reprobata
614 1847 722 1902 semper
741 1829 768 1885 itt
784 1828 902 1884 Ecclesia
917 1825 1035 1896 iuermt,
1089 1828 1203 1896 pellatas
1214 1827 1302 1894 primo
1318 1827 1469 1884 invenimus
1480 1827 1550 1904 apud
1565 1825 1595 1882 S.
1612 1826 1797 1897 Ambrosium,
1810 1832 1892 1900 epist.

240 1910 276 1964 cb
302 1906 451 1977 perir-trium
466 1904 617 1974 presertim
637 1902 710 1973 quod
733 1901 777 1957 laic
794 1916 808 1952 a
824 1898 934 1954 Zenone
949 1897 1038 1968 tangi·
1090 1912 1143 1966 tt,
1160 1914 1187 1953 tt.
1203 1898 1238 1962 9,
1253 1908 1282 1954 ut
1299 1897 1484 1954 Gotnolredrrs
1506 1897 1697 1955 animadvertit
1721 1901 1747 1954 in
1772 1903 1844 1957 nolis
1858 1902 1893 1959 ad

240 1990 299 2044 tur,
311 1978 395 2034 mulla
407 1976 459 2034 arlia
474 1976 583 2032 Patnrm
596 1974 750 2037 testimonia
760 1971 958 2035 demonstrant.
972 1967 1040 2024 'ier-
1090 1970 1197 2025 titulum
1211 1968 1243 2024 de
1257 1968 1381 2041 Paeonis,
1396 1984 1480 2040 prope
1494 1970 1586 2033 tinam,
1597 1984 1659 2042 pag.
1671 1969 1736 2028 255.
1748 1969 1838 2027 linum
1853 1983 1893 2028 ta-

241 2051 368 2107 tullianus
379 2047 426 2103 lib.
442 2062 460 2102 at
478 2046 510 2103 ad
524 2045 644 2103 Uxorem
659 2052 730 2100 totns
743 2043 770 2098 in
785 2055 819 2098 co
833 2050 894 2107 est,
908 2048 937 2094 nt
956 2040 978 2095 si
994 2038 1038 2096 illa
1090 2054 1151 2096 men
1164 2040 1335 2096 rernsttrms.
1350 2041 1443 2097 llilarii
1456 2041 1640 2098 testimonium
1652 2042 1770 2114 suppetit
1781 2042 1810 2098 in
1820 2045 1890 2116 psal.

242 2131 304 2193 post
328 2119 412 2191 ipsius
437 2125 552 2173 mortem
579 2132 594 2171 a
620 2114 747 2171 secundis
774 2111 874 2182 nuptiis
901 2109 1040 2165 obstinere
1089 2125 1192 2175 utrm,
1209 2127 1284 2167 rrum.
1299 2111 1333 2177 5,
1349 2113 1411 2174 nbi,
1426 2110 1571 2168 conannas
1592 2111 1774 2181 ecclesiarum,
1788 2111 1890 2182 inquit,

241 2192 382 2264 egerrime
393 2196 527 2260 nequeat,
543 2189 638 2242 anirum
649 2202 665 2242 a
678 2181 852 2242 matrimonio
864 2196 925 2238 cum
938 2179 1040 2237 Gentill
1091 2182 1248 2237 consuetudo
1259 2193 1348 2238 nostru
1361 2182 1400 2239 uel
1409 2183 1513 2238 domum
1528 2183 1576 2238 liei
1585 2184 1662 2240 solita
1674 2193 1712 2239 est
1724 2201 1811 2239 nuncu
1830 2201 1875 2241 ure

241 2260 378 2346 jungendo
392 2269 507 2324 caconit
529 2259 619 2329 ibique
631 2264 788 2328 argurrrenta
805 2262 882 2323 utpct
906 2252 939 2307 iis
960 2253 1041 2322 plana
1090 2253 1392 2324 caltemplnmsqnibus
1410 2255 1534 2312 uerbiasi
1554 2253 1657 2311 nillcari
1672 2253 1779 2311 videtur
1823 2259 1880 2312 ilari

242 2335 339 2392 simrlla
364 2346 425 2403 qnae
449 2342 543 2387 noster
579 2338 676 2384 auctor
699 2325 819 2398 pressius
840 2324 966 2395 quidum,
992 2321 1042 2378 sed
1092 2338 1199 2395 quoque
1219 2339 1296 2389 sero,
1317 2326 1519 2382 comsubsitm
1554 2326 1701 2382 nemlronc
1721 2337 1891 2388 commenta·

244 2421 297 2461 non
312 2403 402 2460 mirrrrs
414 2400 593 2458 vehementer
605 2410 633 2454 et
656 2399 793 2470 eleganter
812 2394 900 2452 client.
924 2393 962 2448 Le
981 2402 1042 2449 atur
1093 2395 1163 2450 riom
1178 2396 1204 2452 in
1222 2395 1341 2466 psalmos
1355 2399 1488 2453 scriberet
1502 2398 1582 2468 panio
1596 2407 1659 2454 ante
1673 2413 1719 2453 an.
1735 2397 1787 2454 cut
1821 2398 1893 2459 tane

245 2472 463 2532 bmlrrosiusl.t
483 2473 516 2528 dc
535 2469 687 2533 Abrabam,
707 2466 926 2547 ‘rnp.ll,mrm.·
984 2471 1044 2544 ‘fl‘
1093 2464 1255 2523 lucracionem
1279 2467 1474 2524 consuetudine
1499 2478 1654 2539 receptam.
1676 2485 1727 2537 qna
1747 2440 1892 2526 ecciesias·
1970 2470 1974 2478 ’

244 2547 324 2618 epist.
347 2545 392 2609 lu,
410 2543 445 2599 ad
460 2541 651 2614 Vipillunt,cui
667 2540 724 2611 jam
739 2538 867 2608 episcopo
880 2534 1043 2592 'lrtdenttno
1094 2536 1153 2591 ticae
1165 2537 1238 2593 mdes
1252 2538 1295 2594 vel
1309 2537 1358 2594 Dei
1371 2539 1478 2601 domus,
1490 2540 1532 2594 vel
1548 2540 1643 2610 templu
1658 2548 1830 2604 vocarentur,
1844 2543 1893 2598 lir-

245 2615 442 2674 institotinnem
463 2613 585 2685 poscenti
602 2613 653 2668 lroc
668 2612 784 2683 primum
799 2609 929 2668 monitum
945 2606 1041 2674 dedit,
1094 2621 1184 2664 rorem
1199 2617 1290 2668 tamon
1315 2611 1358 2665 lric
1380 2610 1430 2666 loci
1444 2610 1573 2676 subesse,
1587 2623 1614 2666 et
1628 2611 1670 2667 uel
1684 2612 1806 2681 templum
1819 2612 1893 2683 plos-

243 2688 350 2744 rideret
365 2703 398 2742 ne
410 2701 462 2760 qua
477 2683 632 2740 lrdelisenm
646 2681 748 2738 inlrrleli
764 2678 934 2736 matrimonio
945 2677 1044 2754 jonge-
1094 2693 1168 2735 sema
1188 2694 1267 2748 csse,
1287 2681 1359 2753 qrmd
1380 2697 1396 2737 e
1417 2682 1538 2750 margine
1558 2681 1584 2737 in
1605 2689 1707 2740 testum
1733 2684 1891 2756 irrepserit,

244 2769 329 2817 rctrtr.
348 2757 414 2813 vice
428 2757 504 2829 plura
515 2755 624 2811 dissert.
639 2769 669 2822 tt,
685 2767 746 2821 cap.
761 2753 789 2808 7.
1093 2751 1226 2820 quispiam
1240 2752 1387 2808 existimet.
1401 2751 1477 2821 Quod
1489 2754 1511 2808 si
1523 2753 1574 2808 imc
1585 2754 1675 2809 minus
1688 2757 1806 2822 placcat,
1823 2757 1892 2812 inte·

284 2829 343 2901 (ιδ)
360 2827 428 2883 ‘iota
444 2827 502 2883 ltaeo
515 2825 641 2897 periodus
657 2825 810 2896 numinum
832 2820 1043 2878 celebrationem
1094 2835 1144 2891 ger
1166 2830 1254 2878 textus
1268 2824 1290 2878 si
1305 2824 1510 2890 consideretur,
1531 2840 1584 2878 non
1599 2840 1658 2878 eam
1674 2823 1737 2894 eins·
1755 2824 1806 2880 loci
1828 2840 1891 2882 usse

246 2916 307 2958 curu
321 2900 421 2956 inlideli
436 2898 543 2954 ridetur
558 2896 727 2966 prospicem,
742 2894 768 2952 itt
782 2908 835 2965 qua
846 2894 917 2949 sicut
931 2892 1045 2950 membru
1096 2894 1257 2950 sententium
1271 2895 1420 2970 apparebit.
1437 2893 1474 2949 lta
1491 2909 1556 2950 tcto
1567 2894 1604 2951 ibi
1617 2896 1763 2952 scribitur:
1778 2894 1894 2956 Cenaeu-

247 2971 358 3035 diluisti,
375 2969 400 3025 irl
420 2979 462 3025 cst
477 2967 598 3025 mulieris
619 2980 728 3040 corpus,
744 2965 929 3024 demoniorum
949 2965 1045 3033 seruis,
1095 2973 1137 3018 tut
1159 2965 1341 3028 emissionum,
1366 2966 1419 3024 aloc
1437 2975 1491 3022 tunt
1513 2965 1618 3034 templi,
1633 2983 1695 3038 qnos
1716 2967 1750 3023 ud
1768 2979 1892 3032 secretum

249 3043 275 3101 ld
295 3039 559 3106 emerunt-isonis,
574 3037 696 3103 addicto,
713 3045 740 3093 et
761 3033 811 3091 Del
835 3033 900 3091 item
923 3036 1046 3107 terttplum
1096 3045 1312 3091 sacramentorum
1332 3037 1481 3109 relipiouem
1496 3038 1664 3105 edificiorum
1682 3055 1708 3093 ac
1742 3048 1768 3094 tu
1787 3040 1893 3095 conciat·

250 3114 365 3187 profanis
384 3117 539 3187 prrtelucttmt
560 3109 686 3181 intelligit
706 3109 790 3180 ipsam
811 3107 950 3162 mulierem
971 3107 1046 3173 citri·
1059 3145 1081 3209 C
1097 3107 1174 3171 dunt,
1191 3107 1347 3163 consuetudo
1361 3118 1447 3165 nostru
1461 3110 1500 3164 uel
1512 3110 1616 3167 domurn
1630 3108 1680 3164 Dei
1690 3126 1718 3165 ao
1731 3113 1767 3167 itu
1778 3121 1814 3167 est
1827 3130 1895 3171 nun·

250 3189 383 3249 arianam,
399 3183 477 3255 culus
493 3182 613 3243 membra
628 3178 674 3239 Dei
688 3178 811 3251 templum
823 3179 925 3253 paritor
938 3179 1045 3235 narrarit
1098 3193 1192 3249 copore
1204 3219 1211 3243 ,
1225 3179 1263 3233 uel
1274 3180 1396 3247 templum
1410 3196 1419 3236 .·
1435 3180 1477 3235 nbi
1491 3179 1730 3243 animadvertenda
1744 3185 1893 3252 praesertim

249 3256 402 3382 Cyprianus
422 3257 452 3321 lq
472 3262 551 3310 tract.
572 3252 607 3307 de
621 3250 716 3311 llabltn
732 3250 865 3321 uirginum
889 3248 973 3322 (unde
988 3249 1047 3375 ipse
1097 3258 1139 3304 est
1155 3249 1180 3302 iu
1196 3249 1283 3319 primu
1298 3252 1419 3307 membru
1433 3252 1564 3322 particula
1576 3261 1649 3323 tum,
1662 3267 1723 3324 qum
1734 3254 1792 3309 uoci
1806 3254 1894 3323 cellapii

251 3328 280 3383 S.
318 3342 369 3383 eno
383 3326 430 3381 lib.
443 3340 479 3391 tt,
496 3333 574 3380 tract.
589 3322 641 3389 ta,
657 3337 691 3379 ex
706 3323 805 3378 celebri
822 3320 895 3376 Pauli
913 3319 999 3377 lorum
1013 3337 1045 3391 a,
1098 3320 1255 3389 prrrllgitur.
1271 3319 1366 3377 Serum
1378 3334 1468 3377 mrtem
1485 3322 1584 3383 ibidem
1604 3333 1645 3393 est
1667 3324 1701 3381 tle
1715 3324 1893 3381 scriiircutimm

252 3398 301 3454 Dei
324 3397 419 3463 tempta
440 3395 558 3465 appellat
582 3394 751 3467 baptizatos,
768 3405 852 3467 qrrns,
868 3405 930 3449 cum
954 3404 1047 3451 essent
1099 3392 1191 3460 templi
1206 3390 1376 3459 Salomonis,
1390 3394 1423 3449 ric
1438 3408 1489 3465 qna
1501 3394 1527 3449 in
1539 3409 1572 3451 eo
1586 3394 1689 3465 psalrrm
1703 3398 1806 3477 apitrrr,
1821 3404 1849 3452 et
1860 3395 1894 3459 ad

268 3467 383 3531 entiles,
405 3466 559 3521 torrentum
578 3465 639 3541 [unu
654 3472 800 3519 uocauerat
815 3479 823 3518 t
844 3462 925 3531 Quem
949 3463 1048 3519 noueris
1098 3459 1168 3518 itanc
1181 3478 1261 3518 unam
1277 3465 1481 3521 aerlilicalionem
1494 3466 1609 3521 scierim
1623 3464 1688 3523 illud
1703 3482 1755 3523 srue
1767 3478 1820 3525 tunt
1831 3479 1894 3527 terrr-

262 3537 408 3593 dolnlulrlu
422 3541 519 3607 futrum,
532 3534 643 3607 pendeus
653 3531 702 3588 Dei
712 3534 847 3605 templum,
861 3536 895 3587 im
909 3533 989 3587 etiam
1004 3550 1047 3590 m·
1100 3531 1137 3604 pii
1161 3533 1236 3602 Quod
1252 3537 1274 3589 si
1289 3549 1350 3590 curn
1366 3534 1529 3591 Zetrmrianis
1541 3535 1679 3595 codicibus
1695 3537 1721 3591 iu
1738 3539 1895 3609 appendit-e

252 3610 339 3665 cremo
363 3624 411 3679 per
425 3608 569 3731 quantdttm
581 3607 766 3677 {tradatinuetrt
789 3604 885 3661 eodem
911 3608 1047 3675 pertinere
1098 3604 1283 3661 trrenmramlis
1296 3606 1345 3669 tibi
1359 3607 1432 3661 enim
1448 3606 1491 3662 iric
1506 3607 1659 3671 liilatiauus
1673 3615 1801 3665 tractatus
1814 3609 1892 3675 dabi-

252 3680 319 3736 uiltll
342 3679 513 3753 attrblgmrrs.
540 3676 623 3739 Socra
643 3684 734 3732 autem
759 3676 866 3748 conium
888 3674 951 3747 qttltl
973 3675 1047 3733 Zeno
1100 3679 1153 3745 tur)
1169 3677 1228 3731 sinc
1246 3685 1300 3731 tunt
1325 3677 1466 3749 legendum
1482 3686 1577 3751 putes,
1591 3678 1679 3734 adbuc
1704 3680 1771 3737 rrttrit
1793 3681 1871 3737 obest

254 3748 371 3817 dixerit,
392 3750 558 3825 ignoramus,
586 3748 636 3803 uisi
662 3747 731 3805 lorte
756 3755 858 3817 spectet
881 3759 956 3802 sacra
979 3746 1045 3815 illa,
1098 3762 1181 3819 quum
1205 3748 1345 3803 uniuersas
1369 3748 1426 3803 sim
1448 3751 1555 3816 ueteris,
1581 3750 1639 3805 sire
1653 3723 1894 3813 noriTrstanmnti

253 3836 314 3893 que
332 3820 416 3879 illatis
439 3833 454 3874 c
474 3817 677 3890 maritoqentili
692 3819 719 3873 iu
740 3831 816 3873 novae
831 3825 922 3887 ttuptn¹
936 3817 1049 3873 cubico·
1100 3817 1292 3873 adrllcatioms
1306 3820 1512 3890 complexurus,
1533 3819 1701 3876 eeclesiarum
1723 3822 1831 3878 nomine
1854 3824 1895 3879 in·
1967 3852 1971 3853 ν

255 3894 309 3948 lum
324 3891 419 3959 idolis,
436 3904 470 3946 ex
485 3904 649 3963 paganorum
665 3888 718 3944 rltn
734 3888 821 3959 primo
836 3889 989 3955 nuptiarum
1003 3889 1049 3944 die
1101 3889 1221 3959 telligere
1237 3888 1352 3944 llilarius
1366 3892 1485 3959 potuerit
1503 3891 1714 3949 christianornm
1724 3893 1813 3962 redes,
1826 3909 1895 3966 quas

254 3977 317 4035 pera
335 3963 465 4027 emmam
479 3975 513 4018 ct
533 3975 586 4032 quo
604 3959 696 4014 domm
715 3961 743 4013 ln
762 3963 851 4033 {uuum
873 3969 974 4019 motata
993 3958 1049 4016 dici
1100 3960 1192 4014 domus
1213 3958 1262 4014 liei
1281 3961 1429 4030 appellatas
1452 3970 1546 4025 notat,
1561 3961 1648 4033 templi
1673 3973 1763 4021 autem
1786 3965 1896 4023 nomino

254 4043 351 4097 ootntt.
366 4033 448 4089 Forte
461 4033 541 4088 ctiam
552 4032 648 4087 dumus
658 4030 721 4100 [unu
735 4030 824 4085 uocari
837 4035 964 4098 potuero,
976 4029 1048 4100 qnod
1101 4029 1254 4086 Salomonis
1277 4031 1420 4088 aedilicium
1433 4072 1441 4098 ,
1461 4032 1561 4103 quippo
1585 4033 1678 4103 quod,
1701 4037 1772 4093 sicut
1796 4039 1896 4092 nostris

253 4105 282 4163 in
321 4105 416 4160 rivatis
438 4117 470 4173 pa
489 4115 602 4158 anorum
617 4100 742 4157 dorulbos
760 4107 853 4157 essent
876 4099 965 4165 idola,
989 4117 1050 4171 qnae
1100 4116 1207 4172 quoque
1222 4102 1410 4168 temporibus,
1424 4119 1478 4160 uno
1490 4104 1594 4174 templi,
1608 4119 1662 4161 non
1677 4112 1767 4161 antem
1783 4107 1896 4163 ecclesie

254 4120 355 4231 diurnis
368 4117 517 4230 bononem
529 4173 688 4229 colebantur
701 4188 710 4226 :
724 4186 803 4238 nam,
818 4178 847 4226 ut
860 4169 1050 4231 tit'l'ertullia-
1101 4174 1211 4229 nomine
1224 4173 1353 4242 appellari
1375 4173 1462 4243 solet;
1480 4173 1517 4230 its
1533 4175 1625 4230 llilsrii
1648 4190 1707 4230 acuo
1721 4175 1792 4233 idern
1812 4193 1895 4237 rrrmm

254 4260 316 4317 nrts,
328 4246 374 4302 lib.
384 4261 403 4300 ιι
411 4244 444 4301 ad
456 4243 653 4313 Uxoremcap.
663 4244 695 4298 li:
709 4241 982 4298 iloraturllrirruclilu
991 4259 1051 4298 cum
1101 4259 1133 4299 ct
1153 4243 1280 4298 curnilms
1300 4243 1402 4301 edibus
1414 4260 1480 4301 tero
1495 4246 1549 4302 lico
1564 4246 1660 4302 dicatis
1680 4247 1768 4316 templi
1788 4251 1896 4305 nominc

254 4317 364 4373 domitu
378 4316 487 4381 alicnis,
502 4325 527 4370 et
545 4317 611 4371 inter
630 4315 689 4369 illos
703 4313 821 4368 omnibus
840 4312 978 4368 nonoribus
997 4315 1050 4370 tite·
1102 4330 1134 4370 cx
1157 4313 1294 4369 communi
1319 4315 1454 4371 locutione
1478 4317 1683 4385 nuncupabatur
1699 4336 1706 4371 z
1723 4319 1794 4375 undu
1815 4325 1844 4376 el
1865 4321 1894 4376 S.

255 4404 379 4453 muttum,
394 4388 512 4442 omullus
525 4385 681 4443 tulerrrnllrts
692 4401 800 4459 rapum,
816 4385 953 4451 incipiente
964 4401 1049 4452 nuno,
1102 4383 1193 4449 Zeno,
1209 4387 1254 4455 qui
1268 4385 1430 4443 christianas
1442 4386 1636 4445 aedtttcatmnes
1653 4403 1744 4447 sacras
1761 4406 1896 4462 uunquam

254 4460 392 4530 incipiente
405 4474 506 4526 mcum,
522 4458 611 4513 nidore
627 4458 710 4511 thoria
723 4456 878 4529 opitulum,
892 4464 917 4509 al
932 4456 1051 4525 procedet
1102 4462 1181 4515 uorat
1196 4457 1290 4523 templu
1302 4472 1391 4513 serm..
1399 4456 1451 4522 tt,
1466 4474 1540 4514 rmnt.
1554 4458 1579 4517 l.
1592 4458 1744 4516 Srtomonts
1755 4461 1896 4519 motorium

254 4530 376 4603 dejanuo
388 4530 504 4585 museum
515 4538 540 4583 st
553 4529 694 4583 lucernum.
707 4527 755 4583 liis
771 4526 890 4598 profanis
902 4525 954 4582 riti
967 4528 1051 4584 sacris
1063 4526 1091 4588 Il
1103 4542 1136 4584 co
1150 4527 1259 4584 nomine
1273 4528 1412 4598 perspicue
1425 4530 1556 4599 designat.
1574 4531 1648 4587 lianc
1662 4546 1726 4601 erqo
1740 4534 1897 4602 appellatio·

254 4600 401 4657 christiana
422 4601 521 4656 mulier
534 4600 649 4656 debebat
668 4599 720 4654 alla
740 4614 774 4654 ex
791 4600 897 4670 propria
918 4597 1050 4668 religione
1103 4614 1164 4654 nem
1180 4600 1250 4668 apud
1265 4599 1392 4669 llllariorrr
1406 4601 1428 4656 si
1447 4602 1507 4672 quis
1520 4601 1554 4656 ad
1570 4602 1734 4658 etrrlsnanos
1747 4615 1897 4663 conuentus

253 4669 535 4743 obiicere,nimirum
554 4670 694 4727 sacrasarl
717 4669 931 4739 lleumpreces,
951 4668 1048 4725 etior-
1104 4669 1268 4737 transierat,
1299 4670 1412 4725 mirifice
1444 4671 1553 4726 lallinrr.
1577 4671 1676 4728 Notum
1702 4686 1743 4729 est
1768 4687 1896 4745 quarnnm

254 4743 334 4801 lassis
348 4744 429 4799 etiam
451 4741 632 4812 sumptionem
657 4738 847 4804 Errebaristim,
863 4753 943 4808 qnam
961 4738 1049 4794 claris·
1103 4740 1243 4797 christiani
1263 4752 1367 4796 tereres
1379 4755 1394 4794 a
1406 4743 1495 4813 templi
1506 4748 1706 4815 nuncupatione
1716 4746 1770 4799 suis
1781 4747 1897 4803 eurtum

255 4815 343 4869 tianos
360 4812 470 4871 domum
489 4812 628 4879 attulisse,
643 4810 771 4880 domique
791 4824 932 4876 servasse,
948 4811 1051 4878 patebit
1103 4810 1252 4868 addicenda
1271 4812 1458 4868 abborrerent.
1474 4811 1582 4886 Ternplo
1598 4816 1723 4871 uirnirnur
1749 4819 1896 4886 nnnc-upari

254 4897 289 4939 cx
302 4891 395 4939 annul.
406 4882 452 4938 aa.
470 4883 638 4938 Probabiiius
659 4888 748 4938 tamen
762 4891 820 4947 cst,
835 4879 886 4935 boc
898 4879 960 4935 luco
971 4895 1050 4952 spec·
1104 4883 1251 4941 cernebant
1269 4882 1424 4953 magnilicas
1438 4884 1571 4940 idolorum
1587 4886 1676 4949 mdes,
1692 4887 1789 4959 quibus
1803 4903 1899 4945 carna·

254 4956 304 5009 tari
320 4953 365 5013 illc
386 4954 461 5009 Poull
473 4952 497 5009 ll
514 4951 576 5009 (inr-
591 4967 652 5024 cap.
668 4967 693 5007 rr
706 4993 714 5017 ,
727 4965 799 5006 vers.
813 4950 856 5013 tl,
871 4948 968 5021 qulbus
981 4969 1050 5023 rrrrp·
1104 4954 1144 5021 les
1159 4952 1282 5009 immines
1304 4956 1450 5024 plurimum
1469 4956 1636 5013 deferebant.
1654 4956 1717 5012 tlrrc
1737 4973 1801 5029 erqo
1822 4960 1897 5028 ejus·

253 5024 305 5080 clm
317 5039 378 5081 curn
392 5022 548 5079 inlidelibus
560 5024 594 5078 ab
609 5026 628 5078 tl
668 5026 739 5078 stolo
756 5020 913 5079 interdictas
929 5021 1050 5094 plerique
1105 5024 1178 5079 morli
1193 5023 1347 5078 lmrninlbrrs
1362 5026 1514 5083 necessaria
1527 5040 1588 5082 esse
1601 5027 1741 5092 dicebant,
1762 5045 1814 5085 trun
1827 5030 1879 5086 sibi
1889 5034 1902 5097 ,‘

252 5093 362 5155 Petrum
376 5096 606 5168 interpretantur:
652 5094 712 5149 olite
720 5095 817 5179 jupam
832 5093 924 5149 durem
937 5109 995 5148 curn
1009 5096 1050 5148 in·
1103 5097 1148 5169 qui
1164 5096 1210 5150 bei
1233 5097 1360 5164 templum
1375 5097 1465 5155 virum
1487 5099 1512 5153 in
1531 5100 1683 5170 semetipsis
1702 5108 1848 5169 gererent,
1871 5109 1900 5157 nt

251 5164 381 5236 lldelilus.
393 5164 457 5237 Qum
466 5167 532 5220 enim
560 5166 706 5236 anticipatio
712 5166 889 5243 rustititrcum
898 5164 1050 5235 iniquitute?
1102 5166 1202 5237 sepius
1216 5165 1387 5223 inculcabant
1400 5182 1433 5224 cu
1449 5167 1533 5224 Paulo
1547 5170 1669 5240 apostolo
1686 5187 1692 5223 τ
1712 5179 1739 5225 ct
1753 5174 1821 5227 sicut
1833 5173 1869 5227 oli

250 5246 296 5291 unt
324 5238 481 5293 umsocletus
495 5237 522 5291 lu
547 5237 606 5295 sud
625 5234 760 5291 tenebrari
843 5245 929 5290 nutent
942 5251 1050 5297 cormeu·
1103 5237 1318 5293 lcrtesccntibus
1330 5240 1562 5309 persecutionibus
1577 5256 1629 5295 nou
1646 5241 1726 5311 pauci
1738 5242 1835 5313 templa
1846 5188 1900 5309 clia

251 5308 287 5363 tlo
301 5253 396 5365 damn
410 5307 445 5362 od
460 5307 564 5371 lielioli
576 5318 620 5362 out
646 5322 688 5363 ute
699 5322 760 5377 port
773 5252 845 5383 mi
859 5322 916 5387 cum
929 5306 1050 5389 infideli?
1103 5307 1177 5363 nulla
1190 5322 1251 5364 esse
1265 5310 1408 5380 protestati
1422 5319 1500 5377 sunt,
1514 5308 1549 5365 de
1563 5324 1617 5382 quc
1632 5312 1693 5368 side
1712 5321 1805 5369 annot.
1825 5312 1843 5369 6
1872 5317 1899 5375 in

250 5379 392 5463 quluutem
406 5394 543 5435 cousensus
565 5325 794 5450 tempiobetcum
809 5375 962 5435 turlrtms
982 5392 1051 5433 enon
1103 5389 1182 5434 tract.
1199 5378 1241 5442 tl,
1270 5382 1305 5434 ita
1321 5389 1414 5451 postea
1428 5396 1464 5453 qu
1502 5379 1574 5438 ucid
1589 5397 1686 5438 nomen
1703 5397 1756 5439 uou
1773 5386 1822 5439 nisi
1837 5384 1899 5440 ido·

251 5459 311 5504 estu
326 5461 373 5505 tem
394 5452 447 5505 lum
461 5447 510 5504 ilci
521 5450 581 5509 alul.
1104 5451 1192 5506 lorum
1207 5449 1311 5505 stibus
1325 5449 1442 5517 dedere,
1459 5468 1491 5507 ve
1518 5453 1599 5508 etiarn
1614 5453 1765 5510 Salomonis
1780 5455 1898 5511 ediltru-

289 5518 346 5594 (tc)
367 5466 436 5578 idlae
448 5519 538 5593 colligi
559 5527 658 5595 potest,
674 5518 793 5576 benonis
812 5524 892 5575 aetrte
915 5517 1050 5577 idolorum
1103 5523 1184 5587 tioul,
1199 5536 1259 5591 quse
1279 5522 1380 5577 carnali
1393 5521 1548 5578 iudeorum
1564 5525 1663 5595 populu
1679 5525 1848 5591 necessaria,
1864 5527 1900 5583 ob

252 5592 326 5648 uades
341 5592 450 5675 proprio
463 5592 567 5717 mulli,
582 5589 654 5647 edes
666 5598 755 5647 autem
778 5602 870 5645 sacras
889 5588 1051 5672 christianu-
1102 5600 1244 5675 structure
1254 5602 1281 5647 ot
1295 5591 1417 5649 materiei
1430 5594 1545 5667 pretinm
1561 5593 1826 5666 uraqrrilicentissime
1836 5611 1902 5668 prse-

254 5676 314 5718 mm
333 5675 444 5735 pmpno
467 5677 508 5717 ecc
521 5663 582 5719 esim
602 5660 713 5717 rmmlrro
732 5659 881 5732 appellatos
903 5659 1003 5728 lutam,
1021 5672 1052 5719 ut
1103 5662 1252 5733 creabatur.
1268 5661 1425 5718 Conventus
1440 5679 1520 5735 porro
1536 5680 1600 5723 suos
1619 5665 1833 5736 christianicum
1850 5681 1899 5737 ap·

249 5744 300 5789 nec
322 5732 382 5797 lum
411 5733 525 5819 templu,
550 5731 676 5795 neutile
702 5736 903 5821 uppellareutur
926 5730 1050 5795 ecclesio.
1103 5733 1236 5811 pellerent
1248 5772 1255 5803 ,
1268 5740 1298 5789 ut
1310 5735 1454 5793 innuerent
1466 5735 1761 5820 lidelasipsospotius,
1775 5739 1899 5827 quicuq,
