4142 6175
206 196 259 275 aar

810 182 973 287 vistim
992 202 1271 287 conlatronem·

1804 230 1857 301 toa

211 320 311 379 litteris
327 322 353 377 iu
368 321 541 380 Caecilianum
556 324 647 383 dalis:
664 326 727 382 lriuc
740 340 793 381 non
810 335 914 382 tantum
937 327 1001 383 l'ar·
1015 324 1272 407 dirrdieesetinllta
1287 329 1345 387 dari
1358 333 1540 411 postulabant,
1555 353 1636 409 quem
1648 342 1855 418 teiertOptatus

205 414 384 487 rheginensis,
396 415 443 472 sed
452 426 480 474 et
492 417 617 475 universa
625 417 750 476 Africana
762 418 885 476 Ecclesia
897 418 1003 476 induas

205 517 298 578 partes
322 517 365 564 est
378 508 491 587 gdirism
515 511 576 568 aliis
594 510 728 569 Caeciliani
743 512 928 575 innocentiam
953 515 1002 570 de-

204 599 397 672 iendentibns,
421 612 450 659 et
475 619 538 660 cum
558 620 592 662 eo
615 607 838 663 communionem
861 606 1004 663 retinenti·

204 694 274 762 bns3
294 695 357 752 aliis
378 696 513 755 stantibus
528 713 543 753 a
559 706 635 770 parte
649 698 771 770 Majorioi
791 707 819 755 et
832 714 846 753 a
861 697 1002 757 Caeciliani

203 787 399 846 communione
421 789 633 849 discedentibus.
659 792 694 846 dt
719 806 782 847 cum
809 788 843 846 ad
865 789 1004 846 Ecclesiae

203 882 400 939 transmarinas
421 897 529 939 eausam
553 884 623 941 lrauc
636 884 743 941 deierre
757 883 905 941 adversarii
919 883 1005 939 Caeci·

203 971 269 1029 liarri
290 982 352 1030 tunc
376 976 506 1053 temporis
526 977 585 1035 ausi
606 993 659 1032 aon
675 986 784 1044 esseut,
799 976 962 1035 Cacllianus
975 975 1002 1032 iu

201 1066 395 1123 commuuione
416 1068 498 1123 totins
516 1069 591 1124 orbis
604 1068 789 1127 Ecclesiarum
805 1070 1003 1142 permansit,e

202 1166 299 1214 contra
314 1174 379 1216 vcro
393 1158 542 1231 blojorinus
555 1161 660 1235 nullum
676 1160 772 1218 habuit
787 1148 864 1219 estro
885 1161 1003 1219 iliricam

201 1253 249 1323 orti
263 1267 326 1310 enm
341 1268 375 1309 co
389 1255 624 1321 communicaret,
646 1266 691 1312 ant
705 1256 783 1317 illum
805 1272 854 1327 pro
874 1256 1004 1331 episcopo

202 1340 409 1418 carthaginensi
431 1346 554 1405 ltaberel.
569 1347 610 1407 dd
623 1347 797 1407 Caecilianum
822 1351 856 1406 nb
878 1351 1004 1406 omnibus

190 1437 391 1495 aronsmntnts
406 1438 537 1496 Ecclesiis
552 1440 802 1498 communicatoriae
816 1439 1003 1511 mittebantur,

202 1548 258 1587 nota
276 1540 366 1588 autern
381 1533 414 1588 ad
429 1533 603 1604 Majoriuum.

159 1660 169 1673 ι
249 1623 433 1685 Constantinus
460 1614 626 1699 Caecilianam
653 1644 700 1700 pro
736 1627 849 1702 legitimo
885 1624 1004 1697 episeopo

1055 429 1216 488 conceptum
1224 420 1265 476 lis
1277 423 1380 507 verbis:
1392 425 1524 498 Rogamus
1534 428 1853 511 le,Coustontine,optinte

1054 507 1204 577 imperator,
1213 514 1335 583 quoniam
1349 517 1476 586 degerere
1484 523 1558 593 jacto
1571 539 1607 593 es,
1618 529 1694 599 cujus
1707 540 1781 601 pater
1790 532 1857 591 inter

1054 610 1159 663 celerem
1171 603 1337 672 imperatores
1357 611 1561 679 persecutionem
1575 631 1628 669 arou
1648 608 1772 689 eametrit,
1787 633 1811 678 et
1823 625 1855 679 alt

1055 689 1104 746 itoe
1117 694 1244 766 facinore,
1257 698 1379 754 t'mnrunir
1394 712 1430 756 eal
1441 701 1538 758 Gellia.
1555 704 1625 762 Num
1645 710 1672 764 in
1685 712 1776 785 divion
1787 717 1856 773 inter

1054 804 1102 844 naa
1122 799 1147 844 et
1170 801 1276 848 calerna
1295 796 1431 869 episcopua
1452 802 1626 858 contentiones
1640 815 1719 873 anrrt;
1746 812 1855 881 pelinttts

1055 890 1082 935 nl
1094 882 1127 938 de
1139 882 1227 940 Gallia
1248 887 1321 943 nobie
1336 890 1440 964 judiees
1455 892 1513 948 dari
1537 898 1672 973 praecipior
1697 900 1780 975 pietas
1796 915 1852 961 tua.

1055 973 1157 1032 nono
1170 977 1296 1045 Ltteiono,
1313 982 1408 1065 Dione,
1426 986 1554 1059 Namatio,
1575 982 1716 1065 Capitone,
1731 997 1855 1057 Fidentia

1055 1075 1078 1121 el
1101 1071 1200 1125 crateris
1222 1074 1348 1146 episcopia
1371 1079 1451 1148 portis
1468 1077 1575 1149 Daunii,
1598 1094 1646 1143 aul
1659 1088 1748 1165 polius
1764 1089 1854 1166 Majo-

1056 1158 1125 1227 riui,
1138 1172 1167 1217 ut
1181 1162 1386 1223 observavimus
1403 1170 1454 1227 lroc
1469 1172 1539 1229 loeo.

1092 1251 1274 1312 Constantinus
1287 1259 1332 1315 dal
1348 1261 1451 1334 judiees
1474 1275 1525 1338 tres
1536 1285 1549 1322 e
1562 1267 1648 1325 Gallia
1662 1274 1796 1347 epiecopus
1813 1277 1857 1348 otti

1055 1342 1148 1400 Monate
1175 1364 1279 1404 mutant
1305 1348 1430 1423 definiant
1460 1374 1512 1413 anu
1546 1378 1604 1419 etun
1631 1360 1755 1420 Miltiade
1777 1367 1854 1423 Rern.

1056 1435 1187 1509 episeopo.
1203 1470 1240 1481 -
1254 1442 1448 1505 eornstanunns
1459 1451 1618 1527 imperator,
1632 1460 1780 1527 acceptatio
1792 1462 1856 1519 Gal·

1056 1527 1112 1595 liis,
1128 1530 1173 1587 nbi
1187 1542 1243 1589 tum
1257 1538 1426 1607 versabatur,
1449 1543 1582 1602 relatione
1608 1549 1718 1606 Antrlini
1740 1570 1856 1623 procon-

1056 1620 1134 1689 sulis,
1150 1634 1177 1679 et
1188 1623 1286 1683 libellis
1311 1630 1399 1687 eidem
1421 1635 1546 1707 relationi
1568 1638 1721 1721 adjnnctis,
1745 1661 1855 1716 permo-

202 1719 472 1805 ,9„0,051‚-5Qu;n
485 1722 567 1793 egam
579 1720 774 1781 cornsvnnrinns
789 1722 946 1795 imperator,
957 1716 1003 1791 qui
1019 1710 1042 1771 B
1056 1710 1124 1769 leste
1139 1719 1251 1774 omrrino
1267 1722 1342 1789 tulit,
1359 1734 1388 1779 ul
1404 1727 1462 1797 ipse
1477 1730 1515 1785 ait
1533 1731 1559 1789 itt
1581 1734 1694 1803 epistola
1712 1724 1875 1797 notulam!

201 1821 329 1883 superato
342 1828 415 1868 anuo
429 1814 483 1871 sle
495 1814 644 1879 Maxentio,
661 1816 766 1872 ltaliam
778 1814 933 1873 etdlricam
948 1815 1001 1871 im·

202 1904 341 1973 periosuo
352 1902 525 1974 adiunxerat,
541 1908 746 1980 pecuniasquas
761 1908 787 1963 in
804 1917 930 1983 sumptos
951 1909 1002 1963 mi·
1026 1897 1030 1906 ¹

202 1993 352 2051 nistrarum
367 1994 500 2055 Ecclesiae
513 1986 874 2074 Catlrolicaeprovinciarum
888 2000 1000 2070 Atrion,

201 2085 338 2143 Numidiae
363 2098 389 2144 et
410 2090 554 2164 utriusque
567 2091 734 2147 Mauritaniae
754 2108 788 2149 cx
810 2094 878 2149 lisco
901 2094 999 2166 largie-

201 2179 294 2248 batur,
315 2180 460 2239 Caeciliano
486 2193 622 2256 tamqnam
647 2186 769 2260 legitimo
795 2186 1003 2260 Carthaginensi

203 2271 336 2343 episcopo
349 2272 551 2332 distribuendas
564 2279 715 2344 commisit;
730 2290 756 2335 et
778 2280 874 2337 litteris
886 2281 920 2336 ad
939 2296 1001 2337 eum

202 2362 273 2418 dotis
290 2366 478 2422 selrisornticos
502 2369 600 2427 acerbe
614 2371 791 2449 perstringit,
807 2381 944 2447 tamquam
961 2372 1003 2428 in·

202 2458 361 2530 compositae
386 2461 485 2517 meritis
500 2460 643 2530 lrotnines,
659 2463 685 2520 id
706 2472 819 2533 agentes
834 2472 864 2519 nt
888 2465 1004 2519 satietis·

202 2548 281 2606 simae
295 2566 326 2607 ac
337 2552 481 2609 eatlrolieae
494 2554 625 2611 Ecclesiae
639 2556 768 2627 populum
784 2557 906 2629 improba
921 2567 1003 2627 atone

203 2642 356 2700 adulterina
373 2643 490 2703 latinitate
516 2660 710 2718 corrumpant;
731 2648 824 2727 aitque
846 2665 876 2705 se
894 2649 1005 2707 dedisse

203 2733 232 2790 lu
245 2736 513 2795 mandatisdouliuo
534 2739 691 2809 proconsuli
715 2750 742 2796 et
766 2741 880 2811 patricio
902 2741 1004 2796 nicorio

205 2826 410 2898 praefectorum,
426 2840 456 2885 nt
466 2830 547 2900 lanius
562 2832 601 2887 rei
612 2846 705 2887 euram
719 2839 834 2902 gerarit3
857 2841 884 2886 et
898 2833 921 2886 si
935 2847 1004 2903 quos

203 2917 393 2991 lrrrjrtscemodi
414 2922 538 2981 homines
556 2925 583 2980 in
612 2925 664 2981 lrac
687 2927 805 2983 amentia
828 2940 1004 2997 perseverare

203 3013 361 3086 sorttigcril,
384 3013 529 3072 Caeciliano
543 3019 654 3087 scribit,
669 3028 698 3083 ui
718 3021 821 3093 absque
835 3020 1005 3077 haesitatione

1053 1804 1135 1862 dem:
1152 1808 1187 1865 lu
1205 1812 1261 1867 istis
1275 1818 1414 1886 prouinciis
1436 1837 1500 1891 pana
1518 1823 1604 1879 diuina
1618 1824 1785 1903 Prouidentia
1803 1849 1857 1905 anm

1054 1896 1183 1955 deuotioni
1196 1914 1338 1974 spontanea
1352 1909 1482 1965 deditione
1499 1915 1659 1985 tradiderat,
1684 1921 1853 1997 elinguibus

1053 1991 1169 2047 ntaaiuta
1182 2007 1235 2049 erot
1250 1998 1340 2070 populi
1360 2000 1508 2072 nrultitt'tdo,
1537 2009 1635 2079 plelreut
1657 2015 1733 2087 quasi
1751 2017 1778 2071 in
1791 2015 1857 2087 dune

1055 2094 1140 2153 parles
1156 2085 1265 2144 dinisam
1288 2091 1331 2151 nd,
1349 2093 1479 2151 deteriora
1504 2101 1650 2179 deflectere,
1673 2117 1697 2161 el
1723 2110 1858 2183 episcopos

1053 2176 1121 2233 inter
1133 2197 1160 2235 se
1173 2181 1317 2240 dissentire.
1331 2186 1366 2243 Ut
1380 2187 1462 2260 igitur
1474 2192 1588 2253 dissidio
1602 2198 1682 2273 inem
1702 2202 1858 2277 imponeres

1055 2268 1258 2343 Constantinus,
1274 2285 1329 2333 tres
1345 2281 1489 2359 episcopos
1503 2302 1518 2342 e
1531 2286 1617 2345 Gallia
1635 2292 1742 2362 iudices
1762 2297 1852 2366 dedit,

1054 2359 1205 2419 Maternum
1218 2367 1453 2441 Agrippinensem,
1471 2376 1605 2455 {leticiam
1622 2364 1853 2456 angustounoen-

1055 2467 1133 2523 scm,
1155 2466 1182 2514 et
1205 2460 1337 2519 Marinum
1365 2466 1571 2541 braimensem,
1596 2477 1641 2549 qui
1656 2493 1719 2537 cum
1735 2482 1857 2545 Miltiade

1055 2545 1180 2606 Romano
1210 2556 1340 2629 episeopo
1365 2558 1458 2617 llomae
1485 2580 1542 2621 rem
1575 2568 1740 2643 judicarent.
1771 2577 1860 2639 Simttl

1055 2636 1175 2697 Anuliue
1186 2644 1333 2710 mandavit,
1345 2658 1375 2703 ut
1386 2649 1559 2712 cecilianum
1570 2673 1629 2719 curn
1644 2662 1738 2720 decem
1750 2668 1858 2741 epieco-

1057 2732 1098 2800 pis
1110 2735 1194 2802 partis
1209 2750 1277 2806 suae,
1292 2741 1501 2805 etadversarios
1515 2747 1653 2809 Caeciliani
1667 2757 1781 2819 totidem
1802 2761 1858 2821 Re·

1056 2838 1128 2880 uram
1143 2829 1271 2901 navigare
1286 2835 1455 2907 pruprtuel,
1478 2839 1547 2897 intra
1560 2843 1631 2901 dicut
1647 2858 1754 2906 sextum
1770 2868 1856 2915 nouas

1056 2917 1193 2986 octobris;
1208 2930 1239 2977 ul
1254 2922 1309 2980 illic
1318 2927 1464 2999 episcopali
1476 2928 1581 3001 judicio
1594 2952 1675 2993 eausa
1691 2956 1786 2997 eorum
1802 2944 1859 3003 dis·

1056 3022 1221 3081 captaretur.
1233 3016 1321 3090 Atque
1332 3031 1362 3078 ul
1373 3021 1479 3094 judiees
1489 3025 1544 3081 dali
1557 3032 1658 3106 negotii
1669 3034 1855 3103 plenissimam

203 3106 375 3177 supradictos
394 3108 502 3178 judiees
513 3111 604 3179 adeat,
621 3113 701 3184 idone
720 3113 787 3184 ipsis
801 3117 917 3181 reserat,
934 3125 962 3171 ul
977 3116 1003 3171 in
1018 3099 1041 3163 C
1058 3103 1395 3184 ilibelessissilissilwllfflilr
1416 3120 1541 3191 eiemila
1562 3122 1717 3182 libssflfflllffl
1734 3129 1768 3186 ³¹)
1783 3131 1858 3203 nnn-

206 3213 269 3254 reos
290 3200 516 3271 quemadmodum
529 3203 561 3260 iis
579 3220 670 3260 coram
689 3206 1005 3290 mandaverananimad·

210 3300 361 3347 verterent.

240 3384 388 3439 nonomen·
403 3383 536 3442 Caeciliani
551 3386 651 3462 libellps
665 3389 728 3444 dant
747 3392 894 3474 praeostendi
913 3391 1005 3447 adver-

203 3494 250 3532 sas
273 3494 341 3534 eunt.
366 3477 460 3533 Peleoi
473 3478 506 3534 ab
519 3480 675 3550 imperarore
695 3482 743 3537 aiii
761 3482 820 3537 dari
839 3484 954 3556 jrtdicea.
969 3514 1005 3524 -

204 3572 279 3629 idern
294 3573 487 3643 imperatorad
498 3574 645 3630 Anulinum
658 3576 691 3631 de
706 3575 878 3646 immunitate
892 3577 1006 3635 elerico-

205 3683 266 3723 rum
279 3668 306 3724 lu
321 3668 413 3726 dirlea
428 3670 572 3738 scribens,
587 3686 637 3727 eos
656 3681 760 3727 tantum
776 3673 920 3744 apulrliris
944 3672 1007 3728 iun·

206 3760 345 3818 ctiouibns
365 3762 477 3832 eximit,
501 3764 546 3831 oni
565 3765 592 3818 in
613 3763 732 3820 Ecclesia
750 3767 878 3822 catlroliea
890 3767 931 3821 eni
946 3764 1006 3821 Coe·

206 3852 318 3908 cilianus
331 3866 423 3926 preest
432 3855 603 3914 sanctissimae
623 3857 755 3929 religionis
778 3860 937 3918 mirriatranl.
954 3861 1007 3914 dc-

206 3946 294 4015 ccplis
313 3946 355 4001 lris
368 3946 464 4002 litteris
490 3946 625 4005 anulinus
639 3945 815 4004 Caecilianum
838 3958 866 4006 et
890 3949 1006 4007 elericos

205 4033 428 4108 Carthaginiensis
440 4038 570 4095 Ecclesiae
584 4041 743 4108 accersivit,
756 4042 928 4114 perlectoque
941 4043 1007 4114 ipsis

207 4126 339 4198 imperiali
348 4130 1006 4200 praeceptoeoshortatusest‚utunitatecousensu

206 4219 329 4275 omnium
348 4220 430 4287 lanto,
451 4221 822 4282 immunitatesilrieoncessa
838 4225 1004 4297 lederentur,

206 4322 235 4369 et
258 4315 362 4385 absque
383 4315 580 4386 impedimento
602 4316 733 4389 deinceps
746 4318 845 4374 divinis
868 4321 949 4376 rebus
964 4321 1006 4375 in-

207 4407 351 4463 servirent.
367 4408 468 4464 llernm
484 4419 544 4481 post
562 4424 662 4480 paucus
681 4411 740 4465 dies
763 4410 871 4481 qrtidam
898 4428 932 4469 er
956 4413 1005 4468 ad·

1058 3194 1114 3251 lino
1125 3198 1271 3257 missorum
1286 3202 1319 3258 ad
1332 3204 1452 3277 singulos
1467 3225 1561 3268 eorum
1574 3218 1724 3284 transmisit
1734 3235 1796 3277 eum
1814 3221 1860 3280 lit·

1059 3289 1123 3346 teris
1136 3293 1233 3361 ouibus
1246 3310 1294 3351 eos
1310 3296 1478 3366 hortabatur,
1493 3312 1522 3359 nt
1534 3320 1643 3362 causam
1663 3307 1734 3367 itanc
1746 3328 1860 3374 accura-

1059 3383 1163 3442 tissime
1180 3400 1378 3461 cognoscerent
1392 3402 1419 3449 el
1434 3410 1465 3450 en
1481 3401 1641 3488 praescripto
1659 3401 1772 3472 justitiae
1785 3383 1857 3480 jndi-

1057 3485 1162 3533 eareut.
1188 3477 1284 3535 Exstat
1307 3482 1366 3551 ejus
1390 3486 1503 3554 epistola
1538 3489 1571 3544 ad
1600 3490 1748 3552 Miltiadem
1773 3498 1855 3570 data,

1058 3583 1119 3638 nuae
1129 3568 1343 3642 ipsumjudieem
1355 3575 1512 3646 ejrrscausn
1523 3595 1584 3638 esse
1595 3583 1654 3640 vult
1665 3603 1716 3641 uua
1728 3604 1788 3645 cum
1802 3590 1859 3648 ile·
1899 3625 1910 3646 a

1059 3660 1133 3728 ticio,
1145 3661 1300 3720 Materneet
1310 3667 1424 3736 Marino,
1432 3671 1544 3743 collegis
1554 3675 1624 3745 ejas

1094 3753 1245 3811 nunninae
1260 3769 1367 3831 utroque
1384 3774 1458 3835 porle
1479 3768 1624 3825 mittuntur.
1640 3771 1785 3836 cornilione
1806 3781 1859 3840 iio-

1058 3848 1350 3909 mannmrttlrililtr'ade.
1364 3853 1518 3914 Caecilianus
1526 3861 1648 3921 irreverens
1658 3873 1862 3943 prottuntr'ttlnaj

1057 3938 1085 3992 in
1099 3937 1230 3996 Donatum
1252 3949 1377 4002 sentientia
1396 3948 1459 4003 lata.
1477 3981 1514 3993 -
1532 3953 1668 4014 Auuliuus
1680 3963 1756 4031 justa
1782 3982 1859 4022 utari-

1059 4029 1150 4087 datum
1177 4033 1352 4104 imperatoris
1379 4037 1526 4100 Caeciliano
1553 4056 1581 4102 et
1605 4051 1767 4112 adversariis
1799 4058 1858 4142 ejus

1059 4133 1182 4204 praecipit
1192 4144 1221 4190 nt
1235 4136 1298 4192 deul
1313 4155 1345 4196 ex
1357 4148 1470 4211 utraque
1484 4156 1562 4214 parte
1576 4145 1690 4206 Romam
1708 4151 1787 4214 irent.
1804 4155 1855 4212 Cui

1059 4225 1186 4300 mandato
1198 4243 1229 4283 se
1243 4231 1377 4299 pariturus
1396 4247 1458 4288 eam
1472 4237 1579 4308 tetrique
1600 4243 1799 4316 promisissent,
1816 4249 1858 4304 rei

1059 4318 1858 4400 certioremiecitimperatorem.ErgoCaecilianusuna'eum

1059 4407 1154 4465 decem
1170 4414 1304 4486 episcopis
1317 4416 1402 4486 partis
1416 4432 1472 4474 suae
1483 4421 1631 4480 ettotidem
1644 4441 1677 4483 ex
1692 4430 1752 4500 ejus
1763 4433 1859 4492 adrev·

209 4501 337 4556 κωπῆς
351 4500 506 4572 flaecffigng,
520 4502 646 4573 ,pignera
657 4504 707 4559 ,gbl
722 4503 813 4579 populi
823 4504 1004 4574 matrimomo,
1018 4490 1047 4553 D
1059 4502 1138 4557 sariis
1155 4502 1279 4576 (ortorum
1298 4509 1492 4580 antesignanus
1505 4523 1564 4570 erat
1579 4516 1699 4577 liorratus
1712 4521 1855 4599 Caseusis)

208 4596 397 4666 proconsulem
417 4595 652 4669 adiveruutatque
663 4597 731 4653 duos
743 4596 852 4655 libellos
862 4599 1005 4672 obtulere,

209 4702 294 4743 uuum
307 4688 565 4762 inalutnsignatum,
578 4689 785 4760 errjuslraecerat
795 4693 1005 4766 superscriptio:

208 4779 323 4837 Libellus
336 4779 460 4839 Ecclesia
481 4776 617 4838 catholicae
627 4784 764 4839 criminum
779 4781 912 4840 Caeciliani
926 4786 1008 4840 iradi-

209 4886 277 4931 taso
290 4886 362 4949 parte
377 4876 504 4953 ,Majorini
517 4894 526 4934 :
541 4878 659 4935 alterum
680 4878 740 4935 sine
762 4879 851 4952 sigillo
866 4880 1009 4936 coheren-

162 4977 168 4986 ·
210 4978 264 5025 tem
289 4969 378 5026 eidem
400 4969 480 5026 alutae
495 4988 501 5024 ε
518 4972 709 5044 petieruntque
733 4980 762 5027 ut
781 4987 830 5028 eos
849 4973 958 5031 libellos
973 4973 1007 5031 ad

209 5062 366 5132 comitatum
381 5061 521 5133 dirigeret.
535 5063 573 5119 lta
588 5079 646 5121 rem
660 5063 742 5124 relert
755 5065 813 5139 ipse
827 5067 963 5124 Anulious
979 5068 1006 5123 in

210 5154 341 5222 relatione
364 5153 398 5209 ad
413 5156 604 5226 imperatorem
619 5155 681 5212 data
695 5156 851 5231 Carthagini
875 5176 932 5215 xvrr
952 5159 1007 5216 kal.

209 5246 292 5303 Maias
310 5247 489 5303 Constantino
502 5251 623 5321 Angusto
637 5247 672 5305 lll
696 5250 771 5316 Cos,
792 5252 836 5321 qui
851 5253 1008 5310 consulatus

210 5339 304 5396 incidit
327 5340 354 5396 in
369 5356 469 5404 anuum
485 5356 546 5397 aerae
571 5341 691 5415 vulgaris
719 5344 782 5402 ete.
811 5343 931 5402 Libellos
957 5346 1009 5404 sliri

210 5434 314 5498 oblatos
339 5435 418 5491 simul
448 5452 509 5492 carru
532 5436 665 5494 relatione
687 5436 721 5496 nd
748 5437 957 5510 imperatorem,
980 5451 1009 5497 ut

209 5538 307 5583 crrncta
323 5534 417 5599 posset
429 5527 607 5612 dignoscere,
631 5528 705 5584 misit
728 5530 873 5593 dnnlinns.
889 5529 1008 5589 uacilla-

211 5637 275 5676 nnm
299 5621 407 5677 interim
423 5621 449 5677 iu
464 5636 514 5690 suo
529 5629 600 5677 statu
620 5621 737 5695 reliquii.
762 5624 953 5686 Libellussine
971 5624 1009 5683 ei-

210 5731 264 5786 gno
279 5730 402 5776 annexus
417 5714 511 5783 alula,
528 5731 580 5774 uon
597 5715 737 5775 alluserat
751 5735 831 5802 garam
852 5719 876 5780 is
888 5735 942 5795 qrto
956 5721 1007 5780 sibi

1061 4595 1175 4650 Romam
1188 4608 1338 4655 venerunt:
1355 4615 1472 4674 cumque
1486 4604 1540 4661 hue
1556 4609 1637 4663 etiam
1652 4614 1790 4672 venisseut
1804 4628 1860 4676 tren

1062 4691 1181 4763 episcopi
1205 4693 1336 4750 Gallicani
1357 4695 1464 4766 judices
1477 4716 1490 4754 a
1505 4699 1686 4760 Cirrrstautino
1703 4709 1856 4781 nominati,

1062 4782 1089 4837 bi
1104 4798 1158 4840 nna
1171 4800 1231 4840 cum
1254 4785 1373 4843 Miltiade
1389 4799 1416 4844 et
1431 4791 1587 4861 quindecim
1602 4794 1737 4869 episcopis
1761 4798 1857 4873 italiS,

1060 4888 1174 4944 qaorum
1190 4876 1336 4933 nominaet
1348 4878 1427 4935 sedes
1442 4882 1660 4959 relertOprams,
1673 4888 1721 4946 lib.
1736 4906 1762 4961 r,
1785 4893 1859 4966 525,

1060 4971 1088 5026 iu
1104 4971 1185 5029 donno
1200 4972 1307 5030 Eanstre
1329 4977 1354 5031 in
1369 4977 1518 5050 Laterano,
1536 4984 1599 5055 (lane
1612 4997 1655 5043 est
1678 4989 1705 5044 iu
1728 5006 1760 5049 ee
1781 5006 1860 5068 parte

1060 5062 1188 5121 Laterani
1208 5067 1300 5138 palatii
1319 5083 1380 5138 qnae
1408 5068 1517 5127 Fausta
1543 5076 1706 5148 intrperoniet
1726 5083 1861 5144 destinata

1060 5159 1130 5228 erat)
1145 5156 1325 5214 Constantino
1347 5159 1381 5215 ltl
1402 5173 1429 5216 et
1453 5161 1558 5222 Licinio
1578 5169 1675 5230 iterum
1696 5175 1772 5234 Coss.
1788 5193 1861 5238 arrno

1061 5250 1125 5317 eti,
1141 5258 1217 5305 sento
1232 5266 1317 5306 rrouas
1330 5254 1450 5311 octobris
1470 5258 1526 5328 die,
1548 5273 1624 5320 sexta
1639 5264 1705 5328 ieria
1725 5284 1862 5327 convene-

1062 5353 1135 5398 runt.
1151 5343 1197 5397 llis
1212 5344 1399 5401 novemdecim
1414 5350 1617 5416 considentibus
1631 5360 1766 5436 episcopis
1779 5378 1861 5432 eausa

1061 5435 1198 5495 Caeciliani
1218 5451 1244 5495 et
1264 5439 1359 5494 [loetali
1377 5445 1461 5513 coepit
1476 5447 1582 5520 agitagi.
1606 5451 1661 5512 iles
1674 5471 1722 5526 per
1741 5456 1860 5516 triduum

1061 5541 1122 5592 aeta
1142 5543 1195 5606 est,
1216 5534 1406 5612 assistentibus
1421 5528 1539 5602 aaronis
1551 5545 1597 5617 quai
1606 5555 1666 5626 acta
1680 5550 1859 5614 conficerent.

1062 5627 1154 5685 Primo
1177 5619 1222 5692 die
1236 5627 1397 5692 Caecilianus
1422 5642 1449 5702 ct
1468 5645 1641 5714 accusatores
1655 5640 1715 5712 ejus
1727 5651 1863 5703 steterunt

1062 5735 1194 5779 securam
1215 5721 1361 5792 judicibus.
1385 5723 1423 5782 lie
1441 5738 1628 5786 acerrsatorum
1653 5734 1776 5802 personis
1791 5741 1864 5794 trac-
