4142 6175
149 342 223 402 iius
756 351 790 408 ut
810 349 973 411 stucruu
990 351 1168 422 ovatruu.
1206 332 1209 338 ’
1729 361 1800 419 tria

149 465 241 532 tione,
255 473 400 521 conservat
415 474 504 522 autem
516 479 578 529 cuni
593 464 718 521 miseram
739 465 764 523 ei
785 464 869 523 vitain
891 473 946 523 tra·
960 469 990 531 A
1036 468 1101 541 Pag.
1116 469 1162 527 l8.
1185 469 1324 528 Decimum
1340 482 1466 541 quartum
1488 489 1522 529 eit
1542 473 1584 531 liis
1606 490 1613 530 a
1634 473 1797 543 Deuteriuia,

149 536 217 592 ltere
230 535 359 604 relinquit
373 537 444 591 inter
453 537 624 604 poenitentcs.
999 536 1306 606 Parteoiarn,Danatum
1315 555 1340 599 ιι
1352 543 1483 610 Gerulum,
1492 545 1540 600 Dei
1547 546 1691 618 ιρίιιοριιι,
1702 547 1799 621 iiiique

185 606 255 663 lbid.
270 606 421 675 Septimum
437 624 470 663 ex
485 608 528 663 liis
544 624 550 662 ι
568 606 727 678 Paupertate
739 624 829 665 sensas
841 608 883 663 sai
895 609 947 662 cit·
999 609 1088 682 piatio
1097 614 1259 738 jugulatum·
1272 632 1333 669 nain
1349 617 1505 685 paenitentia
1518 631 1565 673 eos
1577 617 1741 688 jugularant.

149 679 278 735 maranti
291 688 369 745 sunt,
384 695 447 749 qaas
461 679 579 748 decipere
597 680 736 750 potuistis:
752 679 868 749 mosceti
879 679 948 733 caint
1036 682 1104 738 ibid.
1150 687 1265 740 eciiuom
1283 687 1406 754 quintum
1420 702 1456 742 ex
1473 686 1514 742 bis
1531 686 1642 744 :linitis
1660 699 1748 743 natum
1760 698 1799 746 est

147 749 303 822 [montilli
314 766 391 819 apere
404 750 501 806 scilicet
519 749 580 817 Dei,
595 753 679 822 quiin
698 753 754 821 ejus
772 751 874 806 tramine
887 753 946 821 {ue-
1000 763 1024 806 et
1040 754 1175 818 probatum
1194 759 1378 823 persecutionis
1392 766 1518 823 teatpare,
1542 760 1674 830 episcopiis
1699 759 1799 831 aliquot

149 820 355 877 restoration.
383 820 451 876 Naro
472 836 534 877 euni
558 822 745 892 superioribus
771 822 859 877 tarbis
884 829 947 877 sunt
999 823 1290 895 inertiaacoaieasiaoe
1302 830 1413 884 nominis
1428 827 1477 883 Dei
1488 829 1606 901 delapsos
1626 830 1797 899 idonfieaase,

148 891 334 950 ariomanita
348 933 356 957 ,
370 903 398 947 et
412 893 446 946 de
460 892 556 947 iisdem
575 894 710 962 episcopia
729 893 828 963 quibus
851 906 947 947 uranus
999 904 1023 947 at
1035 904 1120 950 tonica
1133 898 1219 951 nuilus
1239 914 1327 952 aarum
1340 900 1385 964 qai
1395 911 1530 955 accurunt
1542 910 1586 953 aut
1601 917 1704 955 ιιιιιιιιιιιι
1715 902 1796 974 lapsis

148 964 236 1020 luerat
248 964 375 1033 imposita
388 963 562 1033 accipienda,
576 964 700 1034 liuncquu
724 978 832 1019 sensum
846 962 947 1018 babere
999 965 1136 1034 imposuit,
1151 977 1197 1022 aot
1214 979 1241 1022 ιιι
1259 986 1342 1041 qenua
1366 972 1475 1041 dpereat
1499 972 1653 1041 iniperauit,·
1674 986 1735 1026 nam
1762 971 1798 1028 de

147 1035 412 1106 videtitiir:episenpi
432 1049 501 1106 quos
512 1036 672 1104 penitentes
683 1035 794 1101 lecistis,
809 1035 947 1100 atquibus
999 1051 1052 1090 una
1066 1037 1215 1109 eademque
1229 1057 1325 1096 maniis
1336 1042 1509 1109 impositione
1523 1044 1567 1097 liic
1581 1052 1609 1097 et
1620 1043 1646 1096 in
1661 1047 1795 1099 sententia

150 1107 234 1162 vitain
245 1105 349 1161 ordinis
361 1113 389 1161 ct
402 1105 513 1161 bniiuris
528 1106 678 1174 eripuistis,
696 1112 775 1160 erant
788 1105 903 1159 oidiiiati
919 1107 946 1160 in
999 1105 1157 1164 llelcliiadis
1171 1122 1213 1166 est
1227 1125 1333 1167 sermo:
1349 1113 1575 1183 quemadmodum
1592 1114 1715 1169 enimait
1740 1114 1795 1185 Op·

147 1179 257 1233 nomine
271 1176 390 1245 Danuui,
406 1185 435 1233 et
449 1176 508 1233 baec
519 1177 718 1233 ordinatineiat
732 1190 800 1248 opus
813 1175 945 1239 divinum,
1000 1188 1082 1246 tatus,
1112 1179 1195 1245 lapisis
1212 1182 1348 1252 episcopis
1370 1198 1480 1239 manuni
1504 1183 1665 1254 imposuisse
1685 1186 1795 1240 Donati·

147 1249 219 1319 quod
242 1248 365 1304 vectibus
390 1247 500 1303 malitiae
523 1247 688 1315 disjecistis:
704 1263 787 1316 quare
813 1247 847 1302 de
867 1247 946 1303 vobis
998 1259 1065 1314 stas,
1087 1249 1124 1305 ita
1136 1250 1300 1309 llelcbiades
1311 1255 1421 1310 eosdem
1434 1256 1556 1320 damnat,
1566 1254 1727 1325 quodlapsls
1738 1256 1796 1325 epi·

148 1320 295 1376 donatistis
313 1328 388 1375 recte
403 1318 502 1374 dicitur
517 1336 524 1373 a
545 1335 602 1402 quac
617 1319 686 1374 Deua
700 1318 817 1391 perfecit,
831 1317 883 1385 ipsi
898 1318 944 1371 da·
998 1321 1088 1386 scoriis
1102 1337 1211 1376 manuni
1223 1323 1416 1393 imposuissent
1431 1348 1439 1381 a
1455 1336 1482 1381 at
1496 1326 1539 1380 illa
1549 1341 1645 1382 manos
1660 1326 1797 1409 impositio

147 1399 298 1447 ιιιιιιιιιιιιιι
310 1406 321 1446 .·
333 1403 394 1474 quat
408 1391 518 1445 comita
532 1400 595 1452 sint,
605 1400 712 1446 constat
728 1388 884 1445 Diinatistas
897 1390 946 1443 ali·
998 1392 1115 1460 pertinet
1129 1392 1163 1449 ad
1177 1396 1381 1465 poeniteutiam,
1400 1412 1453 1453 non
1465 1405 1554 1452 atiteiu
1567 1396 1601 1451 ud
1616 1395 1796 1452 retirdiuatio-

148 1463 213 1533 quid
232 1463 367 1517 iecissem
384 1462 526 1531 episcopos
545 1460 617 1532 quod
640 1475 709 1532 opus
732 1460 779 1517 Dei
793 1467 941 1528 everteret;
970 1460 974 1471 '
997 1476 1076 1529 nani,
1089 1473 1117 1518 ιιι
1129 1479 1162 1519 ex
1179 1466 1220 1521 liis
1234 1467 1341 1528 verbis,
1357 1477 1402 1522 aot
1416 1478 1444 1522 ut
1456 1485 1541 1540 genua
1553 1468 1660 1541 figerent
1681 1468 1796 1538 impera·

147 1533 199 1589 linc
211 1542 302 1589 autem
321 1533 439 1587 maxime
457 1533 538 1590 debat
553 1532 711 1602 penitentia
725 1547 805 1604 quani
823 1532 945 1600 impune·
997 1533 1045 1598 rit,
1063 1533 1126 1590 iicet
1140 1535 1268 1607 colligere
1284 1556 1291 1591 a
1305 1538 1552 1609 adgeiiiculatiuues
1565 1540 1637 1594 eninr
1661 1539 1796 1609 poeuiieii-

148 1605 213 1661 bant
228 1603 364 1675 episcopis
378 1618 447 1674 quos
462 1602 589 1671 decipere
603 1613 738 1673 poterant,
750 1612 777 1658 et
788 1604 834 1673 qui
848 1602 882 1656 ad
897 1617 945 1657 eos
998 1603 1064 1657 tioni
1078 1614 1157 1661 erant
1180 1620 1339 1677 argumenta
1361 1610 1556 1666 bumiliationis
1572 1619 1598 1665 et
1617 1611 1795 1680 exomologe-

147 1675 299 1732 transibant
311 1714 319 1738 .
334 1674 389 1731 nun
402 1685 495 1731 autem
515 1675 716 1730 reordinatione
731 1692 737 1728 :
751 1689 813 1729 nain
826 1672 946 1744 antiqui·
996 1688 1060 1729 sens
1074 1685 1151 1731 actus
1166 1679 1283 1748 quisine
1296 1680 1398 1749 pudore
1411 1691 1438 1737 et
1451 1682 1586 1736 dedecore
1601 1696 1653 1735 non
1670 1689 1796 1751 poteraut

148 1757 191 1804 tus
204 1746 305 1815 aliquid
318 1746 426 1817 iniurias
438 1746 492 1802 [leo
502 1757 529 1800 ut
545 1744 604 1814 ejus
624 1754 795 1801 sacramento
807 1752 835 1800 et
846 1742 943 1800 ebara-
998 1745 1056 1800 stari
1070 1747 1103 1801 ab
1116 1749 1272 1818 episcopis;
1289 1766 1328 1806 eae
1353 1767 1417 1807 veru
1431 1767 1491 1823 quae
1504 1751 1531 1806 iii
1548 1750 1690 1807 ordinibus
1711 1751 1797 1807 susci·

148 1819 219 1874 steri
235 1816 294 1873 lieri
318 1818 446 1888 putabant
462 1816 485 1872 si
499 1816 643 1888 episeopus
658 1827 703 1871 aot
716 1817 858 1889 presbyter
873 1815 945 1871 inter
960 1859 983 1919 B
997 1816 1103 1884 piendis
1128 1821 1234 1887 tierent,
1259 1821 1327 1876 nulli
1349 1831 1472 1891 putarant
1491 1837 1553 1878 esse
1571 1822 1699 1879 dedecori
1713 1822 1797 1893 :quid

146 1890 311 1960 poeititentcs
334 1888 469 1944 viseretur
486 1889 685 1958 (Augustinus,
705 1887 773 1941 libio
800 1888 887 1955 piriniu
911 1886 945 1941 de
1000 1887 1073 1941 enlin
1088 1890 1173 1958 inagis
1185 1902 1398 1948 consentaneum
1414 1894 1616 1965 disciplineque
1630 1894 1715 1963 magis
1730 1908 1797 1946 con·

148 1958 297 2032 baptismo)
315 1960 403 2030 :quod
423 1960 445 2015 si
462 1959 647 2029 paenitentiam
661 1957 841 2083 innotuerint
864 1956 946 2029 lapsis
999 1958 1110 2014 veniens
1122 1976 1202 2030 quatit
1216 1961 1396 2019 ordinandam
1413 1979 1500 2075 genua
1521 1963 1642 2032 flectere,
1662 1975 1689 2019 et
1703 1977 1796 2018 eoram

146 2033 284 2100 episcopis
300 2031 457 2096 bonatista,
470 2030 620 2085 verisimile
638 2036 680 2083 est
726 2027 857 2084 elchiadis
880 2043 946 2083 sen·
999 2029 1204 2087 ordinatoribus
1216 2034 1400 2103 adgeniculari
1416 2077 1422 2088 .
1439 2034 1547 2107 quodsi
1562 2036 1597 2089 ito
1613 2041 1672 2102 est,
1687 2049 1743 2089 nuti
1755 2042 1799 2089 est

147 2103 260 2158 tantiam
276 2102 310 2157 de
321 2115 352 2156 ea
374 2116 470 2157 matius
485 2101 658 2171 impositione
676 2099 860 2171 accipiendam
874 2114 945 2165 esse,
998 2099 1190 2170 disputandum
1208 2102 1243 2158 dc
1265 2106 1446 2175 explicatione
1468 2106 1611 2161 sententiae
1629 2104 1797 2162 llelcliiadis.

146 2188 202 2229 non
215 2184 305 2229 autent
320 2172 355 2228 de
368 2173 571 2230 reordinatione
584 2187 637 2244 qua
652 2185 721 2241 opus
737 2170 786 2227 Dei
802 2186 856 2226 non
870 2180 948 2241 pote-
1034 2169 1101 2226 lbid.
1122 2172 1262 2229 Deciorum
1281 2187 1387 2232 sertum
1413 2193 1446 2232 er
1470 2176 1513 2231 liis
1537 2194 1544 2231 a
1568 2172 1640 2231 Dum
1663 2188 1797 2248 peccatura

146 2255 190 2300 rat
203 2245 334 2300 subverti.
362 2271 365 2275 v
998 2241 1109 2296 daunais
1123 2248 1264 2309 percutitur
1280 2262 1290 2300 .·
1307 2261 1403 2302 maniis
1417 2248 1488 2302 enim
1502 2247 1676 2318 impositione
1690 2245 1724 2302 de
1762 2262 1796 2302 ua

183 2316 248 2386 Pag.
259 2315 303 2372 tu.
318 2315 447 2373 Octavum
463 2331 499 2373 ex
514 2315 575 2370 liis:
590 2313 684 2371 Dareta
699 2313 743 2368 irbi
757 2313 946 2368 ociismantla·
997 2311 1161 2369 blelcliiades
1175 2328 1202 2369 et
1216 2318 1329 2386 liptaiits
1354 2326 1569 2387 conqueruntur,
1582 2326 1721 2385 peccatum
1736 2262 1797 2373 t‘tla

147 2396 200 2441 turn
216 2397 252 2442 est
268 2387 360 2443 radere
372 2389 460 2460 comta
472 2385 654 2452 socedatuni,·
671 2401 732 2440 nain
746 2385 843 2439 endem
859 2385 947 2454 respi·
998 2398 1059 2439 roin
1079 2386 1268 2456 episcoporum
1288 2403 1356 2457 quos
1382 2392 1543 2456 penitentes
1560 2387 1707 2443 Donatistae
1724 2388 1795 2443 iece-

146 2459 222 2514 ciunt
235 2470 289 2531 qun
303 2463 463 2529 superiora,
477 2466 505 2514 et
519 2458 553 2514 de
565 2456 660 2513 eadem
679 2456 778 2526 injuria
799 2466 825 2510 et
850 2466 947 2509 contu·
998 2463 1075 2521 rant,
1095 2472 1253 2525 percussum
1269 2457 1356 2513 luerat
1372 2477 1378 2512 ι
1394 2459 1466 2529 quuil
1489 2459 1682 2514 reordinationi
1695 2473 1795 2514 conve·

146 2530 236 2586 ntelia·
248 2545 298 2600 qna
313 2531 457 2599 episcopus
478 2528 654 2596 alliciebant,
670 2536 733 2583 suut
747 2524 921 2594 intelligenda
938 2542 945 2578 a
999 2526 1061 2581 nire
1075 2529 1177 2598 nequit,
1194 2529 1241 2584 sed
1253 2530 1431 2600 paenitentias,
1445 2544 1497 2601 qua
1513 2541 1624 2601 peccata
1636 2531 1796 2601 percutiun-

145 2610 174 2656 at
184 2615 237 2656 non
254 2601 340 2668 maior
356 2598 451 2657 luisse't
464 2601 561 2670 injuria
576 2599 672 2655 radere
684 2598 771 2667 capita
784 2598 810 2652 in
826 2597 946 2652 secunda
999 2606 1043 2653 tor
1054 2606 1082 2653 et
1092 2598 1229 2655 delentur.

146 2673 316 2729 ordinatione
339 2688 419 2744 quain
446 2672 473 2726 iu
501 2672 606 2741 printa;
639 2670 686 2724 sed
720 2668 945 2724 coiitumeliosum
1033 2668 1102 2724 lbid.
1124 2669 1262 2726 Decimum
1278 2673 1422 2796 sesstimum
1441 2686 1474 2727 ex
1491 2672 1533 2727 bis
1549 2691 1556 2726 ε
1573 2671 1644 2729 Nara
1663 2688 1720 2744 quac
1738 2690 1795 2727 nra·

146 2757 258 2814 prorsus
271 2754 329 2798 crat
352 2743 473 2800 etalteo
484 2742 650 2814 prohibitum
669 2740 764 2796 radere
788 2739 945 2811 episcopum
993 2742 1040 2813 jor
1055 2740 1194 2811 infelicitas
1207 2758 1285 2811 qaam
1330 2743 1520 2798 dracerdotes
1544 2745 1645 2811 duae,
1671 2761 1717 2799 nec
1740 2761 1796 2799 esse

146 2824 174 2870 ct
189 2824 299 2870 unctum
315 2815 363 2871 Dei
378 2815 545 2885 poeniteutiar
560 2813 678 2869 tradere.
997 2811 1067 2880 quad
1089 2812 1216 2881 inerant?
1231 2814 1362 2870 Eorundem
1378 2815 1451 2871 enini
1475 2824 1553 2884 urget
1573 2830 1695 2871 errorem
1719 2829 1794 2870 eam-

183 2884 251 2942 lbid.
272 2884 669 2956 Nonuineithisiluqiiiies
691 2884 736 2951 qai
760 2881 947 2954 aaseasqaad
998 2883 1115 3007 demque
1144 2900 1239 2939 uranus
1268 2885 1467 2955 impositionem
1488 2887 1647 2957 perstringit
1672 2902 1733 2954 quae
1758 2884 1793 2941 ad

146 2973 199 3011 nan
216 2956 500 3013 dedistilllancenim
523 2957 658 3026 accipiunt
673 2952 944 3023 interpretationem:
998 2967 1062 3008 reor
1081 2953 1228 3011 litationem
1248 2954 1342 3013 rcierri
1363 2958 1467 3028 nequit,
1483 2973 1545 3023 euro
1563 2956 1637 3013 dicat
1650 2958 1794 3029 episcopus

147 3028 221 3084 Deus
234 3030 321 3099 potuit
332 3026 438 3084 aulana
452 3029 542 3085 oleum
557 3042 635 3083 suuni
656 3035 684 3081 et
701 3033 900 3079 sacramentum
912 3038 946 3078 ex
998 3037 1048 3095 per
1061 3039 1120 3078 aani
1137 3040 1191 3080 non
1202 3042 1263 3082 esso
1274 3028 1390 3098 amplius
1400 3029 1471 3100 quod
1484 3026 1600 3083 lucrant.

147 3099 241 3164 Saule,
263 3101 311 3156 sed
332 3101 433 3168 noluit,
447 3109 514 3156 otte
528 3100 655 3160 doceret,
672 3097 797 3166 iujuriam
817 3111 870 3149 iiou
885 3110 946 3151 esse
1034 3095 1099 3165 Pag,
1125 3096 1160 3151 72
1179 3110 1206 3154 et
1232 3099 1276 3153 75.
1297 3099 1437 3155 Decianum
1464 3108 1587 3155 acorum
1609 3115 1642 3156 ex
1667 3098 1711 3155 liis
1731 3099 1793 3155 libri

147 3169 299 3227 laciendum
323 3172 412 3228 uiictis
433 3173 505 3240 sttis;
520 3172 567 3227 sed
593 3181 621 3226 tu
641 3169 731 3224 aulers
743 3165 816 3238 qood
830 3181 882 3221 non
896 3166 946 3221 de·
1001 3166 1092 3235 quarti
1100 3169 1207 3224 verbis:
1223 3169 1277 3225 liae
1289 3170 1419 3240 sportulas
1430 3171 1660 3239 imitariauiuirtis,
1674 3187 1691 3226 a
1703 3172 1794 3297 Baiias

146 3242 222 3306 disti,
238 3253 266 3299 ιι
281 3243 346 3298 lacis
362 3242 489 3314 injuriam
509 3242 597 3298 nactis
609 3241 664 3307 itai,
682 3240 745 3309 quia
759 3253 807 3292 etis
819 3237 893 3293 radis
916 3245 944 3291 et
956 3241 979 3304 c
996 3240 1073 3293 ctiam
1083 3241 1306 3310 iieqatardileetus
1317 3251 1353 3297 est
1365 3242 1458 3296 Petrus
1472 3258 1481 3296 :
1493 3243 1591 3311 quibus
1600 3243 1690 3310 diicat,
1727 3257 1793 3297 otia·

146 3313 181 3368 ad
198 3316 383 3381 penitentiam
398 3313 510 3369 damnas
527 3328 607 3384 ;quu
625 3307 812 3381 interpretatio
828 3322 881 3363 noo
895 3321 944 3378 po-
997 3311 1076 3365 tlstas
1088 3309 1276 3377 apostolorum
1296 3312 1438 3383 exemplo,
1454 3313 1499 3379 qui
1516 3313 1625 3369 Petrum
1643 3312 1749 3382 lapsum
1764 3322 1794 3368 et

147 3394 201 3441 test
211 3386 358 3441 conuenire
370 3401 430 3441 coin
442 3385 653 3441 reordinatione.
997 3390 1154 3452 negatorem
1187 3383 1358 3450 dilexerunt,
1383 3385 1526 3454 episcopos
1558 3385 1648 3453 lapsos
1678 3384 1792 3453 diligere

185 3455 252 3510 lbid.
277 3456 414 3512 Decimum
438 3472 471 3512 ex
497 3456 539 3512 bis
560 3472 566 3508 a
584 3454 653 3523 Quid
667 3452 771 3523 prodest
783 3451 845 3517 quia
859 3450 945 3504 ritum
996 3452 1137 3514 debuisse,
1156 3454 1228 3509 unde
1241 3455 1326 3523 inagis
1346 3456 1376 3508 lit
1392 3455 1539 3509 verisimile
1554 3453 1709 3510 Donatistae
1734 3455 1793 3522 epi·

148 3526 282 3592 ltainr'nei,
299 3538 323 3582 et
336 3529 414 3584 occisi
432 3538 492 3582 sunt
508 3528 617 3582 lionoris
629 3543 646 3580 a
659 3522 821 3592 caliswere
834 3521 942 3592 quidem
996 3522 1090 3593 scupis
1103 3524 1290 3592 poenitentiaui
1305 3526 1468 3596 imposuisse
1481 3541 1562 3593 quam
1576 3525 1687 3581 ordines
1699 3533 1796 3584 contu·

148 3612 203 3653 iton
218 3598 332 3655 dixisset
348 3599 372 3654 si
400 3599 547 3654 Donatista
574 3597 778 3652 reordinassent
801 3594 944 3664 episcopus
997 3593 1082 3659 lisse;
1102 3596 1146 3661 qui
1162 3596 1234 3649 eiiiin
1250 3597 1411 3652 ordinantur
1434 3606 1481 3650 aot
1506 3596 1707 3661 reordinantur,
1721 3597 1792 3650 inter

147 3684 217 3739 quus
230 3670 498 3738 circumveniebant,
514 3670 577 3739 quia
599 3667 800 3724 reordinatione
814 3677 942 3746 iiunnma·

148 3740 190 3812 gis
207 3742 392 3812 spoliabantur
403 3751 447 3795 aut
463 3740 656 3795 occidebantur
668 3752 748 3807 ipiain
762 3736 941 3817 ordinatione.

186 3811 250 3883 Pag.
276 3811 312 3869 db
335 3823 362 3869 el
377 3814 421 3868 tt.
442 3810 622 3868 Undecimum
645 3825 677 3864 ex
701 3807 744 3861 liis
759 3822 768 3861 :
784 3805 944 3887 Extendisttt

150 3898 255 3938 niannm
268 3899 347 3952 super
371 3899 446 3938 amoc
465 3893 555 3953 caput.
569 3881 633 3937 ileo
654 3895 749 3935 nionus
772 3888 894 3932 extensio
909 3875 943 3957 ati

148 3955 377 4011 reordinationem
397 3970 450 4009 oon
467 3963 554 4023 potest
573 3951 688 4014 relerii,
705 3960 735 4005 ut
749 3949 832 4017 liquet
846 3961 880 4001 ex
900 3944 943 4001 bis

148 4042 208 4096 quau
223 4035 375 4096 sequuntur
391 4044 398 4079 :
416 4023 471 4081 llac
485 4035 523 4081 ιιι
533 4024 720 4095 inspectantibus
732 4035 851 4101 ιιιαιιιιιιιΙ
864 4033 943 4087 super

149 4112 250 4151 oiiincin
273 4102 375 4152 utitem
393 4097 428 4151 ad
442 4099 590 4151 eautcndai
603 4095 711 4148 animas.
728 4089 864 4145 insanistis
877 4104 942 4157 pue·

148 4184 203 4234 ras,
220 4168 411 4241 dependentia
424 4167 569 4231 cannariis,
581 4182 613 4219 rie
626 4165 706 4236 aliqui
719 4162 835 4217 ordinari
845 4160 943 4241 potuis-

148 4250 204 4294 sent
219 4253 229 4303 ;
243 4241 290 4295 seil
301 4238 391 4310 purius
401 4236 435 4292 ad
449 4237 645 4306 poenitcniiaui,
657 4251 709 4304 qua
731 4241 816 4286 status
829 4231 943 4285 clericu-

995 3665 1208 3720 reoidinationis
1227 3667 1296 3721 iiius
1314 3668 1408 3722 osculo
1422 3666 1567 3733 donantur,
1587 3678 1616 3722 et
1630 3681 1679 3736 pro
1693 3667 1793 3721 iratri-

995 3736 1046 3790 bus
1059 3736 1094 3791 ab
1108 3736 1308 3792 ordinatoribus
1322 3738 1531 3792 adsciscuntur:
1548 3738 1594 3807 qui
1617 3751 1683 3792 vero
1704 3737 1793 3807 pieni·

996 3806 1108 3862 tentiam
1125 3815 1221 3877 agunt,
1238 3823 1288 3878 pru
1302 3807 1440 3864 extraneis
1453 3817 1507 3863 eta
1523 3807 1692 3864 fraternitate
1705 3808 1795 3864 divul-

995 3878 1034 3932 sis
1053 3878 1257 3944 repudiantur:
1286 3880 1345 3934 burc
1371 3879 1488 3949 denique
1516 3877 1577 3934 libii
1603 3880 1672 3933 sexti
1697 3879 1791 3948 rerba,

996 3962 1057 4019 pag.
1074 3947 1119 4014 st,
1135 3965 1198 4018 qoos
1212 3959 1257 4003 mit
1275 3951 1475 4019 rebaptizatione
1496 3959 1541 4004 ant
1559 3950 1711 4074 {innitentia
1731 3966 1794 4005 aaa·

995 4019 1093 4086 ciastis,
1108 4021 1273 4076 conveniunt
1287 4037 1347 4077 euni
1366 4021 1501 4077 sententia
1516 4021 1556 4076 lle
1569 4020 1694 4085 clriadis,
1711 4031 1793 4091 atque

994 4105 1055 4145 cam
1070 4105 1206 4160 exponere
1220 4092 1361 4158 videntur3
1376 4102 1403 4147 et
1415 4091 1487 4163 quod
1499 4093 1553 4150 illic
1566 4107 1614 4161 per
1633 4105 1729 4145 manus
1742 4093 1793 4144 lni-

994 4162 1157 4230 positioncio
1171 4163 1349 4232 significatur,
1361 4163 1405 4217 liic
1418 4163 1546 4233 explicari
1562 4176 1611 4234 per
1624 4160 1792 4232 poeuitetttite

995 4233 1208 4304 impositionem.

151 4325 212 4364 rum
241 4321 268 4365 et
282 4310 400 4365 inarime
417 4308 611 4379 Episcoporunt
625 4304 797 4361 evertebatur
811 4310 943 4383 :praster-

151 4395 183 4434 ea
199 4381 348 4437 verisimile
363 4389 406 4436 est
431 4395 492 4436 euni
509 4380 534 4432 lo
555 4378 580 4431 iii
595 4377 629 4433 de
639 4376 733 4432 eadem
751 4387 846 4428 manus
861 4385 943 4441 impu

153 4451 252 4506 sitione
264 4461 462 4523 propterquam
487 4465 503 4505 a
526 4393 675 4504 lielclilade
694 4444 813 4500 damuati
836 4444 943 4497 inerant

154 4521 384 4578 liniiatistaa:aut
397 4524 419 4577 si
431 4523 457 4578 iil
474 4536 525 4577 uon
537 4518 705 4582 conceditur,
717 4516 823 4580 doceat,
837 4528 939 4584 quaeso,
1200 4582 1206 4593 ,
1365 4580 1372 4592 .
1499 4580 1505 4592 ,
1693 4580 1700 4591 ,
1764 4580 1771 4593 .

153 4608 277 4663 quatiam
298 4603 370 4651 esset
397 4594 441 4650 illa
467 4609 563 4649 maniis
585 4590 708 4646 extensio
727 4601 780 4656 qua
796 4584 942 4642 Donatistae
1032 4577 1100 4637 Cum
1112 4580 1286 4646 blelcltiades,
1299 4579 1420 4649 pontifex
1435 4580 1617 4644 niaximus,in
1631 4581 1791 4650 elogioetin

153 4679 236 4719 onina
251 4677 330 4736 caput
344 4665 473 4722 radebant
489 4681 496 4718 a
510 4661 580 4733 quod
607 4663 631 4716 si
650 4659 685 4714 de
708 4658 803 4713 eadem
816 4655 944 4736 loquitur,
958 4632 986 4693 Ῑ)
999 4669 1048 4710 sua
1062 4654 1108 4709 illa
1124 4652 1256 4709 sententia
1282 4653 1397 4734 ailiriiiet
1411 4666 1537 4705 manuum
1551 4650 1626 4705 illam
1640 4649 1793 4732 impositio-

152 4734 292 4792 iatendum
317 4747 358 4794 est
383 4737 546 4793 soiitentiam
573 4729 948 4800 Melchiadisdepoenitentia
1000 4741 1142 4796 itemquae
1166 4740 1181 4779 a
1209 4723 1355 4779 Donatistis
1382 4722 1512 4777 aduersus
1536 4723 1625 4792 lapsos
1650 4735 1794 4791 episcopos

153 4808 356 4880 iintelligendum
370 4823 441 4865 ease,
1001 4796 1195 4865 usurpabatur,
1207 4795 1317 4850 omnino
1339 4793 1537 4850 Ecclesiastico
1558 4792 1707 4861 disciplinae
1731 4806 1794 4848 esse

191 4879 257 4935 lliid.
281 4880 473 4936 Duodecimum
500 4891 534 4933 or
561 4875 604 4932 liis
625 4871 785 4930 :liitenistis
808 4871 948 4935 diaconos,
1000 4869 1176 4928 contrariam,
1191 4867 1296 4935 ipsique
1312 4874 1430 4922 statuere
1443 4879 1474 4920 ae
1489 4864 1653 4935 persuadere
1667 4863 1792 4931 velimus,

1249 4323 1466 4382 ooststttttTto
1492 4325 1534 4381 Vl.

994 4416 1029 4473 ln
1042 4435 1094 4491 qao
1108 4433 1140 4473 ea
1153 4416 1265 4488 antiquio
1286 4418 1433 4486 disciplina
1450 4418 1591 4474 rationibus
1604 4418 1693 4473 eadent
1708 4419 1792 4490 aepli-

1258 4490 1325 4544 catio
1340 4491 1518 4558 cooperiatur.

172 4952 325 5023 reibptcrot,
337 4952 482 5022 epscopus,
499 4949 596 5021 fecistis
606 4939 695 5002 laic'm.
713 4942 780 4999 Naro
794 4959 827 5000 eit
839 4943 882 4998 liis
894 4942 951 4995 col·
1003 4937 1081 4994 istam
1092 4952 1219 4991 manuum
1232 4937 1430 5006 impositionem
1443 4951 1496 4991 nou
1507 4935 1540 4991 ad
1554 4935 1791 5018 reordinationem,

152 4970 247 5094 sigum
276 5024 429 5078 Doiiatistas
455 5025 527 5077 inter
550 5021 634 5075 laicos
660 5015 787 5086 reiecisse
813 5026 951 5084 eosquos
1002 5008 1049 5064 sed
1065 5009 1099 5063 ad
1115 5009 1301 5090 poenitentiam
1320 5008 1556 5088 reterrioportere
1572 5027 1579 5061 ε
1594 5006 1793 5062 certissuuiset

154 5094 299 5165 episcopos
327 5094 497 5160 invenerant,
511 5090 603 5147 inillis
630 5089 697 5144 locis
719 5101 779 5156 que
799 5098 949 5154 occupare·
1003 5080 1099 5135 lucidis
1110 5086 1274 5149 argumentis
1287 5087 1314 5131 et
1325 5077 1476 5158 rationibus
1490 5092 1558 5149 opus
1571 5087 1615 5133 est
1627 5078 1795 5159 demonstre-

155 5174 236 5219 rant:
251 5165 322 5223 unnd
336 5164 359 5219 si
377 5164 412 5219 ita
433 5174 495 5230 est,
512 5160 646 5233 quomodo
658 5159 822 5225 interpretes
836 5164 951 5224 possunt
1003 5167 1064 5207 mus
1078 5166 1110 5204 cr
1121 5150 1238 5218 antiquis
1257 5156 1285 5203 et
1298 5161 1389 5204 vetere
1403 5147 1547 5219 disciplina
1572 5164 1624 5206 non
1640 5151 1794 5221 impositam

155 5235 248 5290 dicere
260 5235 415 5291 Doiiatistas
427 5249 491 5290 usus
502 5235 584 5288 titisse
600 5228 820 5293 reordinatione,
834 5234 863 5282 et
876 5240 951 5281 reor·
1003 5221 1087 5278 luisse
1105 5218 1289 5292 poenitentiam
1316 5219 1467 5290 Epiiscopis,
1490 5234 1662 5292 quocumque
1683 5222 1793 5302 deinum

156 5306 266 5360 dinasse
278 5307 422 5375 episcopus
432 5320 501 5377 quus
511 5301 666 5374 capiebant?
1003 5295 1107 5349 scelere
1121 5307 1182 5348 sese
1197 5291 1416 5356 olistriiirissent3
1429 5306 1516 5362 ueqoe
1528 5294 1615 5348 aetatis
1626 5293 1698 5348 illius
1711 5300 1796 5362 preta-

195 5376 263 5431 lbid.
285 5377 423 5432 Decimum
439 5376 546 5432 tertioin
576 5391 607 5430 er
637 5374 679 5427 tiis
695 5389 701 5424 ε
719 5369 850 5426 Saciaset
868 5383 952 5423 comcs
1005 5364 1178 5430 temtolisse,
1197 5371 1227 5416 ot
1250 5362 1321 5417 inter
1344 5362 1467 5433 lugentes
1488 5362 1717 5421 adscriberentur.
1733 5362 1794 5417 Pri·

155 5457 239 5506 mater
256 5447 413 5522 jamdudum
436 5448 521 5518 [aaut
545 5446 588 5501 citi
613 5460 682 5498 nanc
695 5458 788 5496 manas
801 5441 897 5512 intem
909 5455 953 5493 aa·
1005 5452 1079 5492 moin
1092 5435 1120 5490 in
1134 5438 1193 5506 ipso
1206 5432 1370 5504 paenitentiae
1382 5433 1514 5491 vestibulo
1530 5437 1691 5507 porrotenus
1706 5434 1796 5503 lacry-

156 5531 234 5578 natas
248 5529 335 5586 ei,·et
349 5535 381 5574 ea
403 5518 598 5589 sequentibus,
620 5515 717 5584 quibus
739 5522 843 5568 cunsmt
866 5511 951 5566 Dona·
1006 5510 1058 5563 mis
1080 5520 1188 5579 peecata
1214 5521 1262 5561 sua
1287 5505 1507 5574 detestabantur3
1526 5517 1553 5562 at
1575 5506 1713 5588 indiguum
1738 5513 1796 5558 erat

158 5596 237 5650 tisias
253 5591 370 5662 aliquam
386 5607 481 5646 inaniis
497 5587 698 5659 impositionem
713 5584 830 5639 voluisse
853 5580 954 5638 inlerre
1006 5581 1174 5652 episcopum,
1187 5579 1232 5648 qui
1244 5577 1332 5632 aliena
1343 5577 1517 5649 potiusquam
1531 5593 1580 5635 soa
1590 5571 1797 5658 delictadellere

159 5664 323 5722 oriliodnxis
337 5662 474 5732 episcopis
489 5674 542 5730 qna
556 5672 605 5712 ens
618 5666 754 5726 tamquam
769 5669 832 5710 reos
848 5653 955 5724 judica·
1009 5653 1125 5726 debebat
1137 5692 1144 5713 ,
1158 5652 1229 5705 inter
1242 5647 1354 5714 dentes,
1365 5650 1499 5718 ejulantes
1517 5656 1545 5704 et
1567 5649 1640 5701 boun
1662 5653 1796 5725 iacentes,

160 5736 226 5791 baut
247 5742 276 5791 et
299 5732 536 5797 condemnabant,
554 5728 626 5800 quad
640 5725 808 5782 coiiimodlus
831 5725 958 5781 tribuitur
1011 5733 1087 5778 extra
1101 5722 1229 5776 Ecclesiae
1244 5719 1333 5775 limina
1346 5720 1481 5789 conspici,
1497 5729 1524 5774 et
1535 5724 1698 5773 transeuntis
1712 5714 1799 5783 plebis

162 5806 329 5891 impositioni
361 5817 490 5862 manuum
519 5796 688 5873 paenitentiae
712 5811 792 5870 qoam
818 5795 960 5857 reordiua·
1013 5794 1126 5861 vestigia
1141 5786 1656 5873 deosculari.Seaiino9,5naoqtoniitto
1672 5786 1803 5856 praenites

161 5879 252 5935 tibiiiat
1015 5859 1062 5919 llas
1076 5860 1160 5933 gradu
1171 5871 1232 5919 tutti
1246 5851 1449 5921 concionanti
1467 5857 1659 5917 erudiebantur
1672 5853 1805 5928 poenlteii·
