4142 6175
973 271 1240 354 pentecostem.

469 561 740 660 attenuent
767 581 1219 664 'rnnnsnantonts
1253 592 1451 668 sanent
1489 596 1723 673 zunonts

570 758 741 817 SUBJECTA
765 758 859 817 vl'tAE
879 760 1034 819 blllsblill
1054 762 1189 835 salicti,
1210 769 1255 825 ab
1274 770 1442 832 accolito
1461 772 1619 834 scatent.

302 1044 379 1102 Nunc
394 1038 579 1099 necessarium
602 1034 680 1092 nobis
696 1032 803 1092 videtur
823 1031 1019 1089 Translatiouis
1034 1032 1066 1089 B.
1082 1038 1257 1109 Apostolum
1268 1045 1471 1116 cosattdaeqttor.
1483 1047 1543 1106 llos
1554 1049 1603 1122 (al.
1618 1048 1845 1123 Postluediculam
1857 1055 1926 1114 Ora·

266 1140 385 1197 'Lenonis
399 1137 497 1194 seriem
509 1132 659 1198 notillcare,
672 1130 734 1201 quia
748 1129 774 1183 in
789 1127 912 1199 gestione
928 1124 1008 1197 lrtvjus
1021 1142 1070 1182 ne·
1123 1131 1178 1187 culi
1192 1133 1348 1206 ingressus,
1364 1140 1494 1196 auxilium
1509 1140 1631 1198 divinum
1642 1143 1812 1216 implorauit3
1824 1146 1925 1207 deirrde

266 1232 332 1304 potii
343 1230 467 1304 quaedam
478 1235 628 1282 memoratu
638 1217 1071 1293 dignaclaruerunt.QuaeTrans·
1123 1225 1156 1283 ad
1176 1227 1282 1285 itineris
1294 1234 1454 1290 exercitium
1476 1250 1507 1292 se
1527 1236 1673 1307 expedivit.
1689 1236 1757 1295 Cuot
1779 1239 1923 1315 (aldum)

264 1326 330 1382 latio
343 1333 402 1380 acta
414 1331 475 1388 est,
490 1334 551 1375 cum
567 1315 715 1382 beraldus,
730 1315 771 1369 vir
794 1311 930 1368 attributis
946 1327 1070 1382 personae
1122 1325 1281 1378 autemnon
1304 1323 1411 1397 lonqea
1426 1326 1523 1382 cellula
1538 1328 1846 1400 progrederetur,ecce
1865 1350 1925 1393 me.

267 1422 516 1496 prestantissimae,
531 1415 695 1489 pastoralem
711 1428 803 1470 curam
818 1411 931 1468 Veronae
945 1412 1069 1483 gerebat,
1123 1413 1180 1468 ruta
1195 1414 1337 1489 aliscoepit
1350 1427 1482 1490 strepere,
1497 1436 1565 1478 voce
1577 1422 1725 1493 elucidare,
1735 1433 1764 1482 et
1772 1429 1925 1500 saepissime

264 1526 293 1573 et
311 1515 422 1584 Pipinus
445 1527 510 1578 rea,
525 1507 616 1564 Caroli
638 1505 725 1578 blaqtd
741 1503 823 1568 lilius,
845 1518 924 1575 quent
935 1502 1072 1558 Adrianus
1123 1505 1218 1562 callem
1231 1511 1439 1578 transtulit-tre,
1452 1523 1479 1568 et
1501 1514 1577 1585 quasi
1593 1514 1733 1573 sinistrum
1746 1533 1827 1576 omen
1840 1522 1927 1593 sigtri-

265 1608 339 1678 Papa
353 1603 519 1677 baptizavit,
534 1600 657 1671 Regnum
670 1596 791 1654 ltalicunt
804 1593 923 1667 regebat.
935 1594 993 1650 llcx
1007 1608 1072 1649 tero
1122 1597 1219 1666 beare,
1231 1609 1262 1657 ut
1282 1603 1369 1658 virum
1384 1603 1431 1660 Dei
1449 1605 1485 1662 ab
1507 1606 1625 1679 lucoeptu
1646 1622 1797 1667 revocaret.
1817 1611 1873 1670 Sed
1887 1615 1928 1671 cir

266 1700 402 1756 veternam
418 1693 502 1766 regali
518 1693 571 1748 situ
596 1689 737 1760 preditam
753 1685 814 1759 plus
839 1685 944 1775 caeteris
960 1684 1072 1762 urbibus
1123 1691 1168 1749 ille
1178 1709 1231 1750 noo
1245 1695 1372 1767 ignoraus
1386 1696 1437 1754 boc
1449 1711 1511 1753 esse
1524 1710 1685 1770 apparatum
1698 1700 1850 1770 demonis,
1867 1719 1927 1763 me.

265 1791 414 1863 diligebat,
430 1780 740 1856 etctunepiscoposibi
760 1779 861 1836 dilecto
875 1776 1004 1849 frequens
1015 1777 1072 1833 col·
1124 1786 1210 1841 rulant
1233 1787 1427 1859 adjttrarit,ut
1444 1791 1548 1847 nullum
1569 1802 1673 1850 tnotuut
1695 1797 1817 1864 laceret,
1837 1796 1927 1858 donec

267 1884 387 1957 loquium
399 1880 532 1937 babebat:
542 1878 587 1948 qui
601 1876 665 1932 dum
678 1872 794 1947 quadam
806 1872 852 1928 die
864 1873 965 1943 pariter
978 1871 1009 1929 S.
1021 1871 1072 1928 Ze·
1122 1877 1181 1948 ipse
1195 1879 1306 1938 rediret.
1324 1881 1361 1938 lbi
1376 1884 1479 1939 merula
1491 1885 1566 1941 stetit
1579 1884 1751 1956 immobilis,
1765 1887 1840 1946 uelut
1852 1899 1928 1947 esset

268 1975 347 2033 notris
361 1974 447 2030 aedem
464 1968 669 2039 ingrederentur
682 2008 689 2032 ,
701 1974 729 2021 ct
741 1975 794 2019 tam
808 1963 842 2020 dc
857 1963 956 2018 auditis
968 2003 976 2029 ,
990 1977 1071 2034 quam
1123 1969 1299 2029 insensibilis.
1317 1971 1385 2030 Cum
1401 1984 1491 2032 atatem
1505 1978 1745 2049 appropinquaret,
1761 1988 1790 2035 ct
1804 1996 1924 2039 aeacum

265 2068 301 2125 de
314 2067 380 2123 visis
392 2062 561 2120 mirabilibus
572 2060 631 2130 eius
640 2059 817 2128 loquerentur
829 2099 835 2120 ,
850 2053 1050 2111 rationabiliter
1062 2096 1070 2121 ,
1122 2063 1251 2135 episeopo
1263 2073 1289 2120 ιι
1301 2065 1424 2123 honestis
1436 2067 1501 2123 vifis
1513 2068 1550 2123 itti
1561 2068 1693 2138 obviaret,
1705 2069 1855 2130 honorifice
1865 2088 1927 2131 sus.

266 2172 294 2218 et
307 2160 388 2231 digne
400 2159 617 2230 proposuerunt,
632 2159 661 2205 ut
674 2163 799 2219 magnum
812 2146 971 2203 thesaurum
983 2145 1072 2201 bumi·
1122 2167 1217 2222 ceqrrus
1229 2198 1237 2221 ‚
1251 2157 1313 2228 quid
1334 2174 1383 2215 rex
1401 2159 1483 2216 vellet
1495 2158 1614 2227 auditit;
1626 2169 1691 2217 tunc
1704 2164 1743 2219 ιιι
1758 2164 1845 2220 :Cum
1860 2176 1925 2224 vota

267 2255 319 2309 lius
343 2266 423 2322 quam
447 2253 587 2319 oporteret
603 2243 741 2315 positum,
770 2240 910 2298 decentius
929 2250 957 2296 ct
984 2240 1070 2297 subli·
1122 2256 1210 2303 vestra
1225 2250 1328 2319 ajusto
1345 2253 1483 2323 proposito
1508 2252 1643 2325 pendeant
1655 2296 1663 2321 ,
1674 2255 1760 2312 Deum
1777 2258 1922 2318 inveniens

266 2345 337 2401 ntius
351 2344 483 2407 locarent,
496 2347 525 2395 et
535 2337 659 2394 ecclesie
670 2333 820 2406 atrgustiam
831 2331 1070 2389 dilatarentAEdi·
1122 2338 1299 2409 placabilem,
1315 2349 1343 2398 el
1357 2357 1512 2401 successum
1527 2344 1606 2402 bottae
1620 2346 1758 2417 petitionis
1772 2347 1854 2422 (olias
1868 2354 1927 2426 otti·

265 2437 378 2493 deantes
392 2448 457 2503 ergo
472 2430 615 2488 ecelesiam
629 2471 637 2495 ,
652 2439 759 2483 antrum
785 2440 919 2498 opacum,
936 2423 1070 2481 columnis
1084 2459 1110 2521 B
1122 2430 1219 2501 aionis)
1246 2430 1389 2489 lcrentem.
1408 2433 1483 2492 Tunc
1498 2435 1548 2506 ipsi
1564 2451 1627 2493 cnm
1649 2437 1744 2495 electis
1756 2439 1860 2498 aditum
1885 2445 1928 2500 in·

262 2530 425 2594 subnixum,
451 2536 479 2583 et
508 2525 642 2595 lapidibus
666 2525 1070 2604 pavirucntatnm‚cornetanae
1123 2524 1410 2597 troeuntcs,lapidetn
1426 2537 1612 2584 removerunt.
1635 2528 1730 2587 Nullus
1752 2532 1925 2593 orationibus

265 2633 349 2689 rnnt3
366 2621 411 2688 ubi
422 2618 588 2675 eminentem
599 2632 769 2691 appetentes
782 2615 873 2687 politis
887 2615 1070 2672 marmoribus
1121 2621 1269 2689 parcebat,
1283 2632 1310 2677 et
1330 2638 1424 2680 eorum
1445 2625 1491 2694 qui
1515 2626 1589 2683 intus
1607 2625 1723 2683 aderant
1734 2670 1742 2697 ,
1754 2638 1782 2685 et
1805 2630 1849 2700 qui
1871 2646 1928 2701 prae

265 2715 427 2779 ediderunt,
443 2726 524 2783 <luem
543 2709 709 2766 ιιιιθθιιιιῑί
736 2706 841 2762 tumulo
862 2705 910 2780 (al.
927 2705 1071 2778 ιιιιιιιιὶιιιιι)
1122 2711 1227 2769 loriltus
1238 2725 1404 2772 tnaoserant.
1422 2714 1476 2773 Sed
1489 2716 1623 2774 beremita
1635 2719 1832 2790 quamvissuis
1844 2722 1928 2778 mert-

239 2868 244 2876 ,
265 2807 389 2880 corporis
403 2806 581 2862 devoverunt.
601 2801 704 2858 Deinde
719 2816 767 2856 rcx
781 2814 842 2855 cum
858 2800 984 2870 praesule,
1001 2814 1069 2855 cou·
1121 2803 1176 2869 tis,
1191 2812 1221 2860 et
1239 2807 1360 2861 omnium
1375 2806 1483 2878 adiutus
1497 2809 1642 2881 precibus,
1658 2818 1747 2867 tamen
1764 2812 1924 2870 tremebun-

265 2901 383 2978 qregatis
403 2897 650 2962 sacerdotibus,ct
671 2892 731 2948 aliis
751 2891 838 2947 sacris
861 2890 1015 2957 ordinibus,
1041 2891 1068 2945 iu
1122 2896 1347 2965 dusintravit,et
1368 2916 1430 2956 ossa
1451 2901 1614 2959 beatissima
1634 2902 1786 2974 baiularit,
1799 2915 1881 2979 atque
1895 2908 1924 2965 in

264 2995 362 3068 quibus
376 3000 527 3063 respectum
549 2985 679 3045 bonitatis
701 2991 896 3056 speraverant,
912 2999 961 3056 per
976 2983 1070 3040 multi·
1122 2989 1303 3046 mundissimo
1317 2992 1416 3048 locello
1428 2993 1476 3049 tall
1491 2994 1551 3050 usui
1567 3003 1719 3067 preparate
1731 2997 1836 3068 singula
1851 2999 1929 3056 ordi·

267 3087 361 3144 modos
376 3084 514 3142 crationes
532 3081 660 3140 Sanctum
676 3079 751 3152 prius
764 3078 951 3135 demulcentes
964 3122 972 3146 ,
987 3093 1022 3135 ne
1036 3078 1071 3136 ab
1123 3081 1249 3138 nabilitcr
1263 3085 1360 3155 posuit.
1375 3082 1453 3144 Tunc
1464 3096 1539 3142 tauta
1552 3087 1591 3143 sis
1604 3087 1697 3145 odoris
1708 3089 1886 3161 [mutaverat.
1899 3101 1930 3150 ut

268 3181 307 3255 (in
328 3179 433 3235 duobus
454 3190 521 3234 mss.
545 3175 577 3229 clv
605 3174 695 3243 deest)
708 3171 761 3228 illis
783 3182 872 3228 motus
885 3170 1068 3239 irasceretur,
1123 3188 1203 3231 nemo
1225 3175 1331 3232 illorum
1352 3187 1405 3233 tant
1426 3194 1538 3236 suavem
1552 3188 1615 3237 ante
1642 3184 1818 3252 persenserit.
1849 3183 1929 3242 'runc

267 3287 329 3329 cum
345 3270 446 3340 ingenti
464 3267 564 3323 timore
575 3264 730 3322 cubiculum
741 3275 908 3335 aperuerunt
920 3283 928 3320 a
941 3263 987 3337 qui
1002 3263 1071 3322 adeo
1123 3282 1169 3322 rex
1182 3281 1230 3323 sua
1245 3277 1274 3325 et
1285 3284 1395 3327 suorum
1407 3270 1576 3342 instigatione
1589 3281 1728 3343 maurotus
1747 3274 1925 3347 reliquiarum

267 3372 332 3420 sunt
355 3359 563 3435 perterrelacti,
578 3369 607 3414 ut
625 3359 715 3413 nnllus
742 3358 807 3413 ιιιιιι
830 3357 937 3430 collegii
960 3367 1072 3431 tauqere
1123 3358 1223 3432 aliquid
1246 3361 1412 3432 postolavit,
1426 3362 1498 3435 quod
1524 3364 1669 3435 episcopus
1686 3364 1744 3422 deri
1768 3365 1926 3439 denegavit.

271 3473 333 3515 ossa
344 3464 436 3513 sancta
464 3459 659 3525 praesumerem
685 3466 746 3508 nam
776 3450 897 3507 divinum
922 3451 1070 3523 quiddam,
1123 3452 1158 3505 dt
1173 3466 1219 3506 rea
1236 3453 1321 3523 tnagis
1334 3467 1367 3509 ac
1381 3452 1467 3523 maqis
1479 3452 1627 3520 insistere,
1643 3466 1672 3511 et
1695 3471 1792 3528 magna
1810 3472 1928 3516 rnunera

271 3560 300 3608 et
314 3549 392 3605 valde
416 3545 566 3604 timendum
587 3544 729 3601 videbatur
744 3544 808 3601 iude
825 3544 981 3614 exhalare,
999 3544 1071 3618 qnod
1124 3541 1206 3617 clepit
1218 3545 1386 3613 promittere.
1403 3543 1525 3601 Tandem
1542 3546 1641 3617 praesul
1661 3562 1716 3602 ntru
1730 3548 1822 3619 paucis
1837 3565 1928 3622 neque

271 3647 415 3702 ltorrorem
449 3639 651 3712 inspiraverat,
681 3645 709 3692 et
733 3651 829 3693 omues
865 3637 1072 3694 circumstantes
1123 3633 1212 3702 parvis
1222 3634 1309 3691 victus
1322 3634 1449 3707 precibus
1458 3637 1605 3709 acquievit,
1617 3637 1773 3712 integritate
1786 3643 1928 3700 membru·

272 3735 485 3795 caattimaverat.
500 3730 561 3787 llos
575 3727 734 3784 claudentes
757 3729 911 3797 sepulcmm
936 3729 1071 3806 abierunt.
1124 3741 1184 3783 tutu
1207 3736 1323 3795 morata,
1339 3744 1495 3797 nervorum,
1511 3741 1540 3788 et
1563 3731 1663 3788 ιιιιιιι
1674 3773 1684 3801 ,
1697 3748 1731 3790 ac
1749 3736 1927 3793 restituentu-

273 3829 352 3888 ‘l'unc
362 3843 422 3884 cum
436 3824 493 3882 lien
507 3831 535 3880 et
548 3820 669 3878 Pontilea
684 3819 748 3893 qnid
773 3821 859 3878 actori
879 3810 970 3877 essertt
985 3821 1071 3878 ambi·
1085 3850 1109 3915 C
1125 3832 1185 3874 rum
1206 3819 1351 3889 particulas
1368 3820 1479 3890 tribuit;
1493 3821 1546 3878 alia
1565 3831 1657 3881 autem
1682 3826 1796 3883 tirmiter
1808 3827 1929 3887 aucum.

272 3930 425 3996 gerent3ex
442 3917 534 3974 multis
557 3930 624 3985 quas
644 3912 810 3970 ventilabant
826 3912 1001 3984 conjecturis,
1014 3912 1073 3970 baec
1124 3920 1219 3982 septa,
1233 3912 1389 3984 annuloque
1402 3914 1517 3988 sigillata
1530 3957 1539 3982 ,
1553 3915 1684 3974 condidit,

272 4015 371 4088 placuit
384 4056 391 4079 ,
405 4020 435 4069 ut
457 4025 505 4083 per
527 4006 704 4080 qnadraginta
717 4006 776 4062 dies
799 4013 840 4061 ter
863 4006 891 4061 in
904 4005 1073 4063 bebdomada
1160 4002 1202 4058 dd
1218 4017 1310 4060 vocem
1325 4005 1498 4076 psallentium
1510 4006 1622 4066 tltbesis
1632 4009 1707 4068 littus
1720 4013 1863 4083 amonuit,
1886 4016 1929 4073 ιη.

272 4106 361 4165 otrrnis
381 4102 449 4161 crdo
464 4100 605 4170 utriusque
618 4113 700 4154 sexus
715 4097 863 4163 saecularis,
887 4104 915 4153 et
928 4097 1074 4155 ecclesias·
1125 4099 1237 4151 tonrverc
1258 4097 1433 4166 campestria,
1454 4107 1483 4155 ct
1503 4099 1590 4169 ipsam
1610 4101 1700 4158 aulam
1724 4102 1928 4177 omnipotentis

273 4202 351 4267 tiens,
364 4196 495 4267 cumipse
508 4198 622 4266 regest
636 4192 771 4264 Episcopo
784 4190 818 4248 ad
826 4205 936 4262 specum
948 4202 1072 4249 sanctum
1124 4186 1261 4244 credimus
1275 4203 1337 4245 esse
1355 4190 1485 4262 gavisam.
1505 4184 1574 4247 bunt
1593 4192 1665 4250 circa
1679 4194 1822 4253 ecclesiam
1836 4205 1929 4268 qesta.

271 4301 448 4356 reverenter,
461 4302 493 4343 ac
517 4286 678 4342 solemniter
687 4284 874 4352 convenirent,
893 4282 980 4340 et'bei
992 4292 1074 4355 alque
1126 4288 1201 4336 retur
1212 4320 1221 4348 ,
1234 4290 1264 4337 ut
1277 4281 1336 4338 deri
1349 4283 1436 4352 solet,
1447 4283 1575 4356 predicta
1586 4287 1722 4357 praeconia
1736 4288 1926 4361 resulubcnt,

273 4382 442 4444 contessoris
462 4379 633 4437 clementiam
655 4393 709 4433 uno
735 4385 800 4434 suto
818 4375 1020 4449 efflagitarent,
1043 4386 1074 4434 ut
1125 4375 1203 4431 multi
1214 4374 1478 4449 languorescurpora
1490 4378 1537 4434 diu
1548 4379 1660 4437 obsoesa
1671 4380 1923 4456 relinquebampal,

274 4480 318 4536 cui
334 4487 388 4533 taur
404 4474 554 4532 reverenda
574 4472 657 4530 motio
676 4456 854 4539 conveniret,
870 4471 1025 4527 instillaret.
1124 4469 1293 4545 reliquerant)
1307 4514 1315 4539 ,
1329 4471 1426 4545 ingens
1436 4472 1528 4529 Ιιιιιιιι
1543 4481 1602 4529 orta
1617 4483 1660 4531 est
1672 4474 1699 4529 in
1716 4474 1762 4531 die
1775 4475 1831 4542 illa,
1843 4476 1927 4548 cujus

303 4570 377 4626 lium
398 4567 457 4623 bec
475 4566 599 4637 diligenti
614 4580 679 4621 cura
693 4573 859 4637 agerentur,
884 4562 955 4620 lama
978 4563 1072 4634 cuijus·
1125 4562 1243 4619 similem
1258 4563 1349 4620 nullus
1363 4564 1436 4620 illius
1452 4563 1584 4637 temporis
1603 4563 1729 4623 uiderat:
1754 4566 1818 4642 quia
1836 4568 1930 4625 oanni-

271 4664 333 4723 dam
347 4662 460 4718 solitarii
476 4661 536 4723 virt,
551 4658 721 4715 berbusculis
732 4667 760 4713 et
773 4670 841 4729 aspra
852 4670 992 4728 paucoque
1002 4672 1072 4728 pane
1124 4669 1253 4724 genarum
1266 4656 1436 4712 cumtionum
1446 4670 1546 4728 genera
1561 4656 1635 4717 brevi
1645 4667 1705 4713 acta
1715 4667 1780 4714 sutrt
1790 4670 1925 4730 teutpttre,

272 4758 340 4829 pasti
352 4798 360 4825 ,
373 4753 439 4825 Regi
463 4750 601 4817 innotuit;
617 4748 689 4822 quod
713 4749 776 4804 dum
800 4748 928 4805 alacriter
947 4749 1069 4817 uudlrit,
1124 4759 1152 4805 et
1163 4749 1371 4822 prolixiorlacta
1383 4752 1520 4822 processio
1531 4748 1581 4806 lult
1591 4764 1640 4820 pro
1653 4750 1926 4824 visionesiqnorum.

271 4849 436 4919 Episcopum
447 4843 552 4899 uocauit
561 4840 696 4897 celeriter.
711 4840 858 4911 Elegerunt
868 4841 949 4911 igitur
961 4841 1071 4897 truntios
1123 4839 1176 4898 set
1189 4842 1236 4897 u'ex
1249 4851 1278 4898 et
1289 4842 1434 4913 episcopus
1447 4852 1529 4913 atque
1542 4842 1617 4913 rupis
1631 4840 1732 4911 incola,
1748 4842 1839 4913 pavidi
1854 4857 1924 4900 san·

269 4939 419 4996 industrios
434 4936 481 5008 (al.
497 4931 650 5004 industres)
672 4942 700 4989 et
723 4932 868 5004 providos,
884 4932 983 5004 quibus
998 4933 1070 4991 banc
1123 4944 1165 4991 cta
1190 4934 1309 4990 membra
1332 4935 1551 5002 introduxerunt,
1574 4942 1603 4990 et
1620 4933 1649 4991 in
1669 4944 1764 5005 parato
1782 4936 1927 4995 mausoleo

268 5044 361 5086 curam
376 5024 652 5095 committereot3qnl
676 5023 818 5080 uenientes
838 5024 872 5079 ad
898 5024 1068 5097 lacum,qui
1123 5035 1280 5097 posuerunt.
1306 5024 1450 5097 Postquam
1479 5025 1600 5098 pontifex
1625 5025 1736 5082 misam
1766 5036 1927 5088 reverenter

268 5120 391 5177 Benacus
405 5118 503 5174 dicitur
515 5158 523 5183 ,
537 5114 571 5170 ad
591 5117 686 5171 remoti
711 5114 762 5172 viri
785 5115 924 5172 latibulum
948 5117 976 5173 in
1001 5117 1069 5173 emi·
1121 5116 1279 5185 celebravit,
1292 5132 1341 5173 rex
1356 5120 1420 5174 dote
1434 5117 1517 5174 nobili
1534 5117 1582 5174 Dei
1596 5130 1724 5188 sponsam
1738 5116 1846 5173 ditarit.
1868 5118 1926 5177 lle·

268 5213 343 5269 nenti
356 5210 466 5283 specula
480 5210 561 5264 sitnm
575 5251 582 5274 ,
597 5217 756 5280 auguratoet
769 5211 923 5279 periculoso
941 5211 1011 5266 ealle
1023 5224 1069 5267 as·
1081 5244 1109 5308 D
1121 5207 1161 5264 dit
1181 5208 1206 5265 ei
1229 5209 1408 5281 proprietario
1425 5207 1488 5280 jure
1502 5207 1696 5265 monasterium
1718 5208 1746 5263 S.
1764 5207 1848 5276 Petri,
1872 5210 1925 5281 qui

266 5307 398 5378 pirarunt.
412 5304 549 5359 intuentes
563 5311 653 5358 autem
668 5302 754 5357 virum
772 5301 921 5372 Benignum
935 5304 1046 5361 nomine
1061 5346 1068 5373 ,
1122 5298 1266 5356 blauratica
1280 5300 1388 5374 dieitur,
1407 5314 1470 5355 cum
1484 5298 1611 5355 utrrnibus
1624 5298 1842 5368 possessionibus
1853 5298 1926 5359 inibi

265 5407 293 5454 et
307 5397 468 5467 discipulum
481 5408 541 5463 crus
553 5436 560 5459 ,
572 5395 617 5464 qni
627 5390 714 5448 Cauta
728 5393 894 5462 vocabatur,
906 5396 993 5466 gavisi
1004 5406 1070 5451 sunt
1121 5391 1326 5461 pcrtinentibus.
1338 5390 1488 5447 Ecclesiam
1499 5404 1607 5462 quoque
1620 5386 1649 5446 S.
1661 5388 1778 5445 Andreae
1791 5391 1925 5460 aptetuli,

265 5489 364 5562 guandiu
375 5504 486 5559 magno.
500 5487 596 5542 audita
613 5486 748 5558 logatione
763 5486 834 5557 regis
847 5496 875 5543 et
884 5490 1017 5560 episcopi,
1030 5488 1071 5547 ait
1120 5498 1181 5554 que
1195 5484 1282 5539 locavi
1299 5481 1407 5555 (laced)
1432 5489 1615 5553 nuncupatur,
1628 5495 1690 5537 cunt
1706 5479 1826 5548 latniliis,
1840 5496 1928 5539 mon·

263 5579 1068 5657 legatiszlleoertimiaiiuparc,reaalutuatescommodatum]
1121 5583 1203 5649 tibus,
1221 5591 1248 5639 et
1261 5581 1344 5649 silvis,
1361 5578 1457 5654 pratis,
1473 5588 1502 5638 et
1518 5579 1615 5645 vineis,
1633 5578 1716 5647 arvis,
1738 5587 1766 5634 et
1777 5575 1927 5635 sadcnali-

264 5687 358 5731 oestros
375 5673 429 5744 (al.
444 5673 583 5729 dorrrinam
605 5671 740 5745 matrum),
759 5674 1069 5749 eumeumirepoacupu-
1120 5675 1191 5740 bus,
1214 5683 1242 5731 et
1264 5672 1370 5730 cunctis
1390 5670 1601 5744 appendicibusc
1628 5683 1679 5727 uec
1702 5681 1757 5724 non
1774 5668 1928 5729 ecclesiam

263 5782 319 5822 rum
330 5765 575 5839 respiciamusque
590 5763 663 5822 illum
676 5765 862 5823 solemnitatem
876 5783 963 5837 necor,
972 5778 997 5826 et
1011 5779 1069 5842 pert
1119 5764 1147 5823 S·
1162 5763 1289 5833 Zenonis,
1305 5778 1366 5836 que
1377 5762 1455 5835 juxta
1467 5762 1556 5819 lacurn
1571 5759 1659 5834 posita
1671 5764 1740 5826 etat,
1755 5772 1817 5814 cum
1833 5759 1928 5817 omiti,
