4142 6175
171 282 242 344 llas
776 284 811 345 iii
829 278 990 347 Slhhthl
1008 274 1184 348 ohtltbtl.
1751 288 1821 358 ilbi

169 400 299 486 judicium
313 396 380 457 iliud
393 401 420 457 iu
435 398 559 474 lingnam
576 400 708 459 Donatum
718 405 807 459 latum
824 402 921 471 irrisae,
937 413 966 462 et
977 398 1004 467 A
1017 419 1078 459 nam
1090 402 1124 460 sle
1136 404 1202 462 sede
1213 405 1419 481 Carthaginensi
1430 418 1457 467 et
1468 400 1502 466 rie
1515 410 1643 472 Merserit
1656 431 1817 477 suessorum

170 491 196 545 tn
213 488 274 528 eum
291 468 384 528 llemm
409 473 639 545 animaduersum.
663 474 765 531 Verum
788 488 851 532 cum
876 468 966 531 hatra·
1016 485 1075 532 erat
1089 478 1288 547 controversia,
1298 496 1351 535 nen
1362 476 1397 536 de
1407 481 1621 553 rebaptizatione
1633 504 1640 540 ι
1651 501 1817 559 quiapropter

171 548 239 599 tiene
253 545 450 600 contenderent
461 544 496 600 de
507 546 593 602 alteru
622 544 725 600 bonate
739 561 795 601 rem
817 562 880 603 esse
892 548 961 603 acci·
1017 563 1032 601 s
1048 546 1180 618 hiajorlnu
1194 551 1285 618 potius
1299 567 1379 621 arram
1395 548 1530 610 ausonio
1543 553 1654 612 Casensi
1676 576 1816 632 nuncupa·

170 615 311 686 piendam,
327 632 381 669 non
396 626 486 671 autem
501 612 776 701 dehrrpnollonato,
800 616 827 673 iu
841 617 965 675 ceredam
1018 618 1055 673 tio
1075 620 1222 675 ittaoeenit
1237 618 1305 690 trel,
1326 624 1348 677 si
1370 622 1517 693 hiajarinus
1539 628 1631 683 sedem
1657 629 1731 686 illam
1752 642 1817 691 tuno

169 703 232 743 nox
248 686 409 741 sententiam
422 682 556 744 Catholici
570 690 773 755 discesserunt,
795 697 825 744 ut
840 699 912 758 patet
931 705 966 746 err
1019 692 1149 756 temporis
1164 703 1344 761 occupasset:
1359 694 1483 751 Securum
1498 696 1533 753 rle
1548 696 1631 763 sede,
1647 702 1686 757 uti
1700 703 1773 768 dixi,
1788 706 1818 760 el

170 754 202 813 li.
218 757 368 828 hrrgrrstino
382 754 408 811 in
428 755 567 817 breviculo
587 761 658 816 tertii
682 760 736 816 uici
753 779 760 816 a
780 758 967 817 contenderent
1018 756 1112 816 Romae
1127 773 1152 817 et
1166 762 1237 830 aputl
1252 764 1443 835 imperatorem
1457 767 1659 838 disputabatur,
1676 782 1704 828 et
1726 783 1817 830 umen

169 826 239 957 wod
262 845 313 883 narr
337 827 563 899 Carthopiacasis,
590 836 635 886 aeti
660 829 778 887 Coaeuais
814 832 842 886 ia
862 832 967 897 iudicio

201 900 325 956 eiciriotiia
348 900 505 964 adstitisset,
533 902 601 973 quoti
625 901 753 958 Catholici
785 903 965 959 caricedsiout.

169 968 289 1043 ipseruet
302 971 383 1026 etiarn
401 973 431 1024 b.
447 968 615 1043 Augustinus
629 968 679 1030 hac
689 974 716 1029 in
731 989 760 1030 re
775 988 804 1030 se
820 974 968 1030 hallucina-

171 1054 227 1107 tum
256 1058 316 1098 csse
340 1040 448 1107 latetur,
474 1044 789 1101 libralietractationum
805 1061 872 1115 cap.
896 1047 929 1101 il
960 1064 966 1101 z

170 1114 238 1171 iterra
252 1114 320 1185 quod
335 1114 390 1168 riiai
410 1111 541 1169 Donatum
567 1120 641 1188 crtjos
654 1116 788 1187 epistolant
800 1116 967 1187 reieliebaat,

170 1203 274 1259 soporae
284 1196 312 1239 at
326 1180 473 1255 imperator
487 1188 651 1259 interipsum
664 1196 688 1242 et
703 1184 870 1243 Coeoiilanuar
884 1197 969 1244 traor-

170 1258 285 1312 orariaaa
295 1257 397 1382 iim-⁶⁸⁸
413 1256 486 1311 duret
499 1298 505 1317 .
519 1274 571 1313 uon
593 1262 693 1329 imatos,
718 1259 764 1313 aeri
785 1258 867 1314 alium
880 1258 969 1315 Dona-

171 1339 243 1394 tuar,
257 1330 311 1399 ejus
331 1344 369 1381 enr
381 1336 465 1383 taurea
478 1328 634 1396 schismatis,
646 1329 694 1384 iruc
707 1329 797 1399 iecisse
810 1332 970 1400 probabilius

171 1396 321 1466 inuenitar;
345 1396 391 1452 iiie
409 1408 494 1454 autera
517 1417 569 1455 non
588 1412 644 1455 aas
667 1396 876 1485 Cartitapiueusia
903 1400 970 1468 eet-

171 1488 263 1544 soopus
274 1468 481 1537 Donatistarum,
500 1472 545 1527 seri
567 1488 583 1524 a
606 1466 679 1528 Casia
703 1470 803 1542 aiprra,
825 1475 870 1543 qui
883 1468 970 1528 turiseo

171 1544 270 1615 primas
284 1536 354 1614 apati
377 1536 561 1613 Carthapioeur
580 1542 710 1615 adamant
728 1542 841 1600 aciliano
861 1549 968 1616 sumat.

207 1613 273 1682 Quae
285 1612 408 1685 quamuis
421 1615 494 1668 clara
516 1612 661 1669 adruutluru
683 1622 712 1670 et
733 1617 875 1685 perspicua
893 1615 967 1682 sint,

170 1674 208 1749 itu
223 1693 251 1739 ut
261 1699 340 1743 nemo
353 1682 389 1755 sit
400 1683 446 1755 qrri
460 1700 513 1740 nun
527 1685 665 1741 existimet
679 1684 810 1740 horratum
824 1685 969 1744 casensem

1018 846 1080 887 curn
1094 830 1201 889 libellus
1214 835 1321 891 oblatras
1334 847 1373 891 cst
1396 837 1552 907 imperatori
1566 859 1572 894 :
1592 857 1653 897 cunr
1670 844 1817 911 imperator

1018 919 1081 958 eum
1101 904 1133 959 ao
1150 904 1325 962 Melchiadem
1340 907 1453 979 rejecit:
1468 925 1529 964 ertrn
1545 926 1625 968 causa
1639 914 1711 981 arsuri
1727 917 1816 986 porra·

1020 962 1099 1029 iucem
1118 975 1216 1045 aginta
1231 987 1292 1032 est:
1309 993 1370 1032 cum
1385 978 1478 1035 ilatum
1496 981 1616 1050 juriicata
1630 1002 1636 1039 :
1651 984 1767 1058 denique
1790 986 1818 1043 iu

1020 1043 1135 1101 iurnrnia
1150 1049 1291 1103 scismati-u
1306 1061 1334 1103 et
1351 1053 1567 1120 prouocationis,
1583 1070 1633 1111 uec
1654 1057 1747 1113 Romu
1767 1074 1819 1115 nec

1020 1116 1122 1172 Arelati
1136 1130 1182 1172 ant
1198 1121 1300 1187 asinam
1313 1122 1376 1176 alibi
1390 1121 1443 1176 ulio
1460 1124 1510 1177 nisi
1527 1125 1623 1181 Donati
1642 1128 1727 1185 soiius
1746 1129 1817 1185 iacta

1020 1196 1063 1245 est
1076 1188 1177 1244 urentia
1192 1208 1198 1242 :
1214 1205 1304 1247 rrorrne
1323 1203 1534 1249 arroseutaneum
1548 1206 1607 1251 erat
1620 1197 1778 1269 Majorinam
1794 1200 1817 1255 sl

1020 1252 1182 1329 Carthagine
1197 1262 1330 1328 sedisset,
1347 1272 1375 1318 et
1392 1267 1413 1319 si
1427 1264 1462 1321 de
1482 1266 1714 1338 episcopaturum
1733 1270 1818 1328 Cocci-

1021 1329 1095 1385 liano
1114 1332 1315 1402 contendisset,
1330 1335 1357 1390 in
1371 1337 1504 1391 seruientia
1520 1339 1667 1404 nominari,
1683 1351 1710 1397 et
1724 1343 1759 1397 de
1772 1343 1819 1397 iiie

1021 1402 1185 1457 mentionem
1202 1404 1318 1475 aliquam
1332 1414 1378 1460 aut
1397 1407 1423 1460 in
1435 1406 1555 1476 judicia,
1568 1420 1615 1475 sut
1629 1413 1656 1467 in
1671 1413 1819 1484 imperatu·

1022 1474 1060 1528 ris
1081 1474 1213 1544 rescripto
1229 1476 1308 1531 ilarii
1322 1476 1370 1532 scrl
1390 1478 1466 1533 solus
1479 1488 1581 1536 unitum
1602 1482 1722 1541 bonatus
1743 1498 1818 1540 com-

1023 1553 1189 1601 memoratur
1220 1562 1318 1618 nempe
1331 1549 1392 1618 quia
1408 1549 1555 1619 hiajarinus
1569 1562 1683 1611 mortem
1694 1556 1818 1621 abierat,

1022 1625 1103 1686 atque
1114 1615 1141 1671 iu
1155 1584 1248 1673 seriem
1262 1623 1330 1675 alter
1344 1620 1414 1675 illius
1428 1621 1556 1679 collectus
1568 1634 1636 1683 erat,

1058 1687 1159 1753 Quarto
1181 1698 1294 1745 testatur
1306 1689 1421 1762 Optatus
1433 1691 1586 1763 Olympium
1602 1695 1821 1769 Euneminmqttc

14 3677 25 3766 ,⁴
95 3712 98 3718 ·
183 3687 315 3745 atuor,et
338 3673 409 3732 Deus
430 3678 478 3733 sili
494 3680 572 3747 prisce
594 3678 737 3734 uidebatur.
758 3679 820 3735 llaee
843 3689 980 3750 postrema

173 1748 430 1811 Rmrrmriamaatam
444 1752 541 1824 inisse,
566 1754 740 1813 nihilominus
758 1758 970 1826 caliptatucuu·
1023 1758 1050 1811 in
1074 1757 1192 1815 hir-icam
1217 1762 1357 1817 transiisse
1382 1771 1412 1820 ut
1436 1763 1618 1822 bonorumet
1643 1769 1819 1827 Caecilianum

171 1827 285 1891 ,trarium
302 1840 354 1881 non
371 1825 459 1882 utinus
474 1827 773 1898 perspicueeoiligitur.
787 1828 855 1884 Nam
876 1830 971 1886 scribit
1022 1829 1180 1899 episcopatu
1205 1829 1403 1900 deturbarent,
1427 1835 1564 1907 aliumque
1587 1854 1682 1895 eorum
1706 1834 1732 1895 irt
1760 1842 1820 1897 lece

173 1896 297 1968 ilagrrum
315 1897 447 1952 brustatum
460 1899 586 1955 eorundem
607 1900 693 1969 ipsum
708 1900 752 1969 qni
776 1909 857 1956 mutae
876 1908 970 1956 aucto·
1022 1896 1239 1969 substituerent,
1263 1913 1292 1957 at
1317 1907 1421 1961 remotis
1443 1907 1544 1962 dusios
1565 1925 1646 1964 anam
1670 1914 1821 1966 ornament

172 1967 260 2029 'ritatis
286 1967 335 2023 iuit
359 1969 385 2023 iu
411 1969 456 2023 iiio
481 1968 649 2038 scitisnrate,
678 1969 797 2025 libellum
821 1973 971 2041 supplicem
1024 1970 1074 2043 (tie
1094 1970 1142 2026 ior
1163 1973 1219 2027 ioco
1240 1975 1298 2029 uitis
1319 1976 1447 2031 uariantes
1467 1980 1604 2045 lectiones,
1623 1998 1684 2053 pap.
1704 1983 1771 2052 Ωδμ
1793 1985 1820 2038 ie

173 2032 352 2095 horrstantino
375 2038 507 2101 obtulisse
528 2041 688 2112 jrrriicesouc
709 2043 901 2097 transmarinos
923 2059 971 2113 pe·
1024 2043 1094 2099 hanc
1108 2059 1172 2098 reru
1188 2044 1516 2117 imerpretesopinienem
1531 2064 1627 2107 omues
1641 2053 1821 2119 descendunt,

175 2112 270 2181 tiisse:
286 2110 357 2178 quod
379 2108 401 2165 si
421 2102 530 2182 ilaguus
550 2111 669 2167 bonatus
689 2112 760 2182 apud
781 2113 971 2184 imperatorem
1023 2112 1092 2170 duos
1106 2112 1189 2170 hosce
1206 2115 1378 2173 (mellianum
1400 2127 1429 2174 ct
1449 2120 1580 2176 hortatum
1596 2137 1612 2176 a
1630 2122 1708 2182 Casia
1734 2125 1822 2197 Nigris

178 2183 212 2238 rie
225 2178 394 2239 ordinatione
408 2182 546 2239 Caeciliani
568 2192 803 2251 astronomorum,
825 2184 861 2240 (ie
875 2186 972 2241 cariem
1024 2185 1125 2252 inisse;
1141 2188 1239 2255 attilius
1252 2204 1286 2244 ex
1299 2188 1380 2244 rebus
1395 2190 1536 2258 probabile
1555 2193 1602 2257 itt,
1625 2195 1756 2251 wantum
1773 2199 1822 2251 lia-

177 2248 248 2309 band
259 2252 339 2308 dubie
350 2248 506 2309 hiulcinarlis
514 2254 649 2319 sententia
662 2255 817 2324 explicantia
829 2259 973 2312 eritream
1024 2272 1132 2314 sensero
1148 2268 1211 2313 tunc
1224 2261 1354 2325 temporis
1368 2261 1509 2330 praestitere
1522 2262 1679 2335 Carthagini
1695 2268 1824 2338 priusque

176 2340 271 2379 rrrrrrrcs
298 2324 414 2380 intentur
443 2326 567 2381 eumdem
591 2326 681 2396 ipsum
703 2326 749 2396 qui
771 2326 854 2399 libelli
879 2338 974 2383 artetur
1024 2326 1183 2398 biarjorinum
1197 2329 1352 2385 interiisse:
1368 2330 1505 2400 narratoria
1520 2336 1591 2388 eninr
1608 2338 1717 2392 tertium
1730 2355 1824 2408 quem·

178 2395 227 2451 init
253 2396 387 2465 pontilicis
412 2388 584 2452 rlarrrnatiune
610 2399 702 2453 lturnra
717 2396 869 2453 convictum
893 2413 972 2453 esse:
1026 2397 1137 2468 piamin
1151 2396 1265 2454 domum
1279 2401 1665 2473 sedecollocarepotuissent,
1679 2408 1731 2462 nisi
1745 2408 1825 2464 rietur

177 2468 267 2537 optati
276 2468 358 2522 ocrim
367 2467 409 2522 sin
420 2467 530 2535 hahent,
543 2469 647 2539 papilii
657 2485 664 2521 ι
676 2466 730 2523 Seri
739 2468 807 2523 illico
817 2467 975 2540 odsmpuias
1026 2470 1151 2525 earrrdem
1171 2485 1220 2527 eos
1234 2486 1382 2541 occupasse
1403 2473 1610 2544 episcopatum?
1624 2478 1741 2550 denique
1753 2492 1825 2550 quo·

177 2536 558 2609 paosqaeeem'enteslreeorara
571 2538 664 2594 uerba:
678 2557 688 2589 r
703 2538 852 2608 Qairiaparl
866 2556 934 2594 oeae
957 2541 976 2582 '·
1027 2540 1108 2596 raaia
1134 2556 1200 2611 papo
1224 2557 1287 2597 crim
1310 2544 1474 2614 imperatore
1500 2547 1631 2614 potuisset
1653 2550 1826 2621 exstinguere

178 2621 222 2663 tur
235 2611 266 2664 rie
280 2619 351 2677 parte
362 2606 462 2663 meeis
480 2608 561 2676 Quasi
569 2612 628 2682 jour
640 2626 696 2665 aere
710 2609 837 2678 populant
847 2627 905 2664 curn
945 2626 975 2666 so
1026 2608 1317 2683 achismauatidortnm
1326 2612 1558 2687 erstCarthagini,
1571 2618 1649 2690 187
1659 2622 1826 2677 renuerem

178 2678 298 2739 diuiserat
311 2689 338 2735 ut
350 2680 476 2750 irrrrepiaie
488 2696 562 2735 suam
575 2680 668 2736 diceet
682 2693 780 2749 partem
791 2695 801 2735 .·
813 2698 874 2737 aaut
885 2699 900 2734 a
913 2691 975 2735 terat·
1028 2683 1181 2752 bernacum,
1200 2685 1229 2740 ni
1254 2685 1374 2741 Donattm
1396 2686 1491 2743 luisset
1511 2686 1663 2762 Episcopus
1680 2689 1826 2764 conbort·

179 2753 283 2820 paribus
295 2753 351 2825 ejas
362 2762 387 2807 et
397 2768 476 2821 aspar
488 2752 514 2806 in
528 2753 696 2819 insilientem,
710 2752 845 2819 mquauoia
856 2752 888 2806 rie
899 2752 974 2808 rebus
1027 2756 1144 2811 nensis?

181 2820 367 2878 Ecclesiastico
390 2823 417 2877 ia
434 2823 542 2894 judiciis
564 2824 673 2897 publicis
687 2823 775 2894 oiiqrro
796 2824 923 2878 celebrata
938 2833 977 2878 est

180 2895 264 2965 actio,
280 2894 429 2966 interrupisti
444 2895 539 2967 airrpaii
553 2895 590 2949 sic
609 2895 679 2965 opud
689 2906 750 2948 acto
775 2892 854 2949 iocati
870 2903 928 2949 suut
949 2903 977 2949 ttt

180 2966 291 3021 dicerent
306 2982 333 3020 se
346 2966 377 3019 rie
390 2975 462 3037 porte
475 2982 528 3020 esse
542 2962 657 3031 monti,
672 2965 704 3019 tio
717 2963 817 3020 Girriata
831 2976 975 3021 tacuerant.
1391 3013 1397 3025 .
1726 3021 1732 3031 ,
1752 3018 1760 3032 ,

181 3034 215 3091 ht
230 3036 292 3108 quisi
304 3034 336 3094 tie
355 3036 454 3093 clericis
472 3036 575 3106 eliaam,
593 3053 652 3091 cirus
673 3035 792 3109 iepantur
811 3054 897 3107 preces
911 3054 977 3109 aaa·
1066 3014 1226 3095 i'roeiue'im
1249 3006 1413 3068 “mmm
1487 3023 1586 3085 'impu‘
1607 3013 1786 3095 cmi‘mi
1818 3051 1830 3064 ·

181 3125 240 3163 ratu
255 3110 281 3162 in
294 3107 376 3181 primo
396 3103 577 3180 iihroieciurus
591 3109 758 3175 rrreruiurrcnr,
775 3108 978 3179 iamdudumati
1067 3081 1282 3138 “mamm“
1439 3166 1451 3172 ,,
1484 3097 1555 3142 mm·

181 3177 381 3234 consertorum
403 3180 487 3235 nrisaae
508 3193 531 3234 et
556 3179 703 3254 subscriptae
726 3197 782 3250 qua
802 3185 978 3252 episcoporum
992 3185 1016 3261 'C
1031 3175 1196 3233 biassuarus.
1438 3177 1599 3248 bimestres,
1612 3183 1717 3252 primus
1736 3185 1830 3241 bona·

191 3252 286 3306 turatino
308 3245 540 3317 consoranensis
561 3251 628 3307 darec
645 3248 820 3318 oCopiloue,
846 3250 974 3319 Narratio,
1030 3247 1211 3303 cnossianos.
1485 3253 1608 3307 listerum
1624 3254 1784 3325 Episcopus.

182 3269 269 3395 hipra
292 3333 317 3375 et
330 3323 427 3376 caeteris
454 3323 578 3394 episcopia
593 3323 673 3392 portis
692 3321 846 3389 horreant
864 3326 978 3394 postulo·
1031 3317 1131 3375 Rufus.
1448 3320 1574 3379 hostros
1587 3324 1693 3393 heren,
1706 3326 1829 3385 sirach

178 3397 243 3448 'horu
266 3394 353 3457 alioue
367 3404 455 3448 contra
479 3391 623 3466 Episcopus
643 3394 688 3461 pai
708 3394 769 3447 dans
792 3410 843 3448 neu
858 3395 978 3449 nontin
1030 3385 1154 3447 Gnarus.
1479 3407 1577 3449 sensis.

183 3475 256 3536 parte
268 3462 383 3533 Donati,
402 3463 428 3519 io
444 3464 536 3519 Christi
551 3463 683 3520 Coriolira
695 3465 865 3520 iraiitairoat:
879 3475 903 3520 rt
917 3465 978 3519 auur
1030 3458 1197 3517 Generosos.
1445 3463 1569 3521 bonnm
1584 3465 1706 3524 Maenas.

183 3536 318 3607 episcopua
336 3536 402 3590 inter
415 3536 579 3607 coepiscopos
592 3552 653 3592 suos
676 3553 727 3591 aou
746 3537 814 3603 init,
834 3552 880 3591 nce
903 3538 980 3593 bouso
1030 3529 1180 3590 Anauros.
1444 3535 1655 3594 rannemirus:

183 3607 250 3661 iuter
274 3607 388 3664 homines
410 3623 461 3662 ease
484 3606 586 3674 uoluit,
612 3615 710 3662 constat
731 3608 800 3678 quod
822 3608 913 3664 eatuiit
936 3623 981 3662 cer
1443 3605 1600 3664 Parnassus.

185 3750 267 3807 uerba
282 3748 316 3806 ad
331 3741 454 3820 hiagrrum
479 3743 613 3804 Donatum
635 3765 695 3806 esse
719 3750 879 3818 referenda,
900 3765 980 3806 nemo
1188 3799 1197 3814 ,
1285 3703 1505 3811 Usssmmfo
1523 3706 1569 3762 w·
1732 3803 1738 3815 ,
1806 3806 1853 3817 ..

184 3831 227 3876 est
239 3819 285 3893 qui
299 3819 425 3889 dubitet:
442 3836 503 3876 nam
517 3829 607 3876 tantus
622 3832 679 3875 erat
700 3822 726 3876 iu
741 3822 787 3876 ilio
803 3821 912 3876 bomine
927 3822 982 3878 l'as-
1032 3799 1073 3855 Μ
1100 3797 1259 3855 M‘m’im‘
1280 3799 1354 3851 ‘mu'
1369 3797 1549 3923 Bifmiudex
1565 3815 1581 3853 α
1604 3795 1788 3880 C⁰²¹⁸³⁰¹mh⁰r
1802 3823 1830 3862 'ii

186 3901 231 3948 tus
254 3905 282 3947 et
308 3892 450 3963 superbia,
466 3901 494 3946 ut
516 3905 610 3947 omnes
629 3890 806 3962 coepiscopos
834 3891 980 3962 pastinabe·
1280 3885 1359 3924 “W
1394 3877 1576 3924 ⁰⁸⁰⁸⁸³¹⁰i¹⁸ih

185 3972 227 4020 ret
242 3973 372 4019 eteorum
388 3961 568 4017 communioni
584 3961 691 4018 nuisceri
706 3963 910 4033 dedignaretum
926 3977 981 4022 car·
1070 3966 1134 4036 Peg.
1148 3965 1184 4018 ἓξ
1198 3973 1227 4019 et
1239 3963 1285 4019 25.
1305 3961 1461 4019 harenarii
1480 3964 1530 4018 hec
1552 3963 1752 4023 hoaathtarrrm
1772 3969 1830 4028 his·

187 4049 242 4090 rum
257 4044 300 4090 est
313 4045 458 4105 praeterea,
475 4033 569 4088 eadem
582 4031 642 4089 hee
657 4034 738 4090 rerba
751 4043 774 4088 et
787 4034 886 4090 coeteris
900 4035 981 4104 partis
1032 4039 1103 4092 toris
1117 4047 1197 4107 atquc
1211 4033 1380 4091 Crustumini
1400 4035 1433 4089 arl
1449 4034 1626 4091 iiclchiadem
1639 4037 1737 4094 litteris
1751 4052 1831 4097 taen·

185 4105 303 4174 Donati,
319 4105 354 4160 sb
372 4103 469 4173 Optato
488 4105 522 4160 de
543 4105 639 4160 cariem
659 4118 686 4161 et
706 4105 777 4161 elicta
801 4116 830 4161 et
851 4119 980 4174 cortccrua
1034 4118 1088 4173 tur,
1103 4118 1132 4164 et
1148 4106 1296 4162 alreisrlem
1316 4115 1473 4177 argumenta
1497 4106 1649 4173 miscunt,
1671 4117 1703 4163 ut
1727 4123 1829 4168 sanem

185 4179 266 4238 esse:
281 4173 353 4248 priori
368 4175 391 4230 si
408 4175 441 4228 ita
456 4183 512 4239 est,
528 4175 669 4234 marriiestc
681 4178 841 4247 relinquitur
855 4178 980 4248 Magnum
1033 4181 1107 4234 sedis
1120 4177 1277 4248 dignitatem
1288 4177 1474 4232 corrrminasnt
1492 4186 1520 4232 et
1536 4178 1658 4233 violent:
1673 4181 1745 4235 inter
1760 4195 1829 4251 quos

187 4239 322 4306 horratum
337 4262 370 4303 ex
387 4237 499 4301 historia
513 4253 540 4300 et
553 4247 686 4314 scrutentip
700 4248 789 4315 optari
802 4251 835 4303 ael
850 4249 981 4303 Getristao-
1032 4248 1163 4304 Caluinus
1175 4258 1268 4303 crrntrs
1283 4248 1342 4316 ejus
1354 4247 1541 4303 seueritatem
1567 4247 1668 4303 iactum
1682 4252 1739 4316 ait,
1754 4253 1826 4320 quud

186 4325 272 4376 tirruor
287 4317 404 4390 prirnnm
416 4333 473 4371 reru
486 4317 615 4371 desiisse
628 4330 655 4373 et
666 4318 759 4374 ilomae
782 4321 807 4373 in
823 4317 925 4387 irruieio
938 4317 983 4373 arl-
1033 4321 1068 4375 ab
1079 4320 1244 4386 imperatore
1256 4317 1416 4373 llelelriaeles
1428 4318 1489 4372 troie
1499 4332 1587 4373 muare
1596 4318 1675 4373 rans
1684 4322 1720 4375 sit
1731 4322 1825 4390 iaces,

187 4391 310 4447 stitisse:
324 4399 352 4445 et
367 4399 457 4444 taurea
471 4403 504 4443 ex
517 4387 576 4442 aliis
588 4390 744 4448 auctoribus
756 4388 807 4444 hec
819 4388 961 4444 refellitur.
1033 4400 1062 4447 et
1072 4391 1142 4459 eursu
1160 4404 1195 4445 cx
1208 4388 1267 4459 ejus
1282 4389 1419 4455 rnanhato,
1434 4404 1487 4443 non
1511 4405 1546 4443 ex
1568 4389 1665 4446 ordine
1684 4399 1765 4461 mque
1792 4408 1830 4450 cx

223 4457 346 4517 Secundo
360 4460 498 4516 dubitatur
513 4459 584 4515 untle
595 4470 622 4516 ct
633 4474 648 4514 a
660 4475 715 4530 quo
728 4461 838 4529 liuiusce
852 4459 980 4516 schisma·
1033 4461 1135 4523 cilicie,
1145 4459 1350 4525 eerrtrrrversire,
1361 4459 1830 4528 nuaeemtiahiricairrtertiaeeilia·

191 4532 225 4587 tis
239 4547 336 4588 tuamen
349 4540 376 4587 et
388 4529 532 4603 appellatio
548 4530 667 4603 proiecta
680 4533 725 4599 sit,
747 4540 776 4588 et
790 4532 905 4596 orerito;
920 4545 981 4586 nam
1034 4548 1099 4588 nunt
1108 4540 1135 4586 et
1143 4532 1303 4597 bonatistas,
1312 4529 1469 4585 dirimendae
1477 4532 1619 4601 praelectus
1626 4531 1721 4589 inerit:
1734 4550 1829 4591 neees-

141 4667 145 4676 ,
190 4602 312 4658 ιιιηιιινίε
326 4619 340 4657 a
360 4603 456 4673 Magno
474 4599 577 4657 brinate
593 4617 689 4657 numen
710 4604 821 4658 diruisse
835 4604 914 4673 uulgo
930 4614 983 4660 trs·
996 4593 1023 4654 l)
1034 4619 1066 4659 sc
1075 4602 1147 4660 enim
1160 4617 1221 4658 esse
1235 4603 1312 4657 lateri
1323 4600 1462 4671 pontilices
1475 4617 1507 4657 ca
1521 4611 1682 4672 tempestate
1697 4606 1828 4663 Ecclesiae

190 4621 281 4740 riatur,
304 4682 392 4730 unten
408 4669 471 4730 illurl
491 4671 607 4730 schisma
627 4672 772 4730 uocabatur
787 4691 848 4744 pora
873 4674 984 4741 tiarati,
1036 4691 1089 4732 non
1105 4673 1244 4745 praefuisse
1256 4715 1264 4739 ,
1278 4688 1365 4741 neone
1384 4685 1467 4742 penes
1479 4689 1525 4728 eos
1539 4673 1573 4727 de
1586 4675 1666 4728 rebus
1679 4674 1829 4733 Ecclesias-

1029 2862 1116 2921 Srries
1129 2864 1316 2939 Episcoparuor
1329 2870 1418 2923 artitu-
1454 2868 1541 2926 Series
1552 2872 1729 2944 episcoporum
1738 2868 1828 2937 Dono·

1066 2941 1193 2994 ausurum
1208 2940 1252 3010 qai
1266 2938 1416 3011 Carthopini
1487 2944 1604 2998 lislaruor
1627 2949 1671 3014 qai
1694 2950 1830 3018 periclem

188 4752 333 4818 numquam
354 4745 473 4801 Donatus
490 4744 728 4815 carthaginensis,
746 4749 791 4816 uui
812 4755 854 4801 eut
873 4745 984 4814 Magnus

188 4811 329 4884 hortatus,
344 4815 497 4888 Carthagini
515 4819 716 4887 practiceretur,
731 4819 773 4873 uel
793 4826 936 4887 antequam
950 4816 984 4871 ria

188 4892 235 4947 iiio
250 4890 320 4945 ullas
339 4889 482 4945 laberetur
496 4903 604 4944 sermo:
622 4889 732 4959 lisgerus
752 4890 850 4960 quippe
869 4886 983 4943 Cartha·

188 4962 251 5034 gine
273 4959 447 5032 inauguratus
468 4968 528 5027 est;
544 4969 625 5018 sesto
640 4968 743 5015 tantum
764 4972 824 5031 post
846 4959 983 5014 Nicaenum

190 5031 336 5090 concilium
359 5045 431 5086 anno
449 5030 555 5088 libellus
570 5030 677 5088 oblatus
689 5040 732 5087 est
746 5033 924 5088 ssrnastarrtino
938 5031 984 5099 (in

190 5120 247 5176 que
259 5103 325 5159 illuri
338 5101 455 5158 schisma
469 5114 579 5160 uemtur
591 5120 652 5175 pars
666 5099 772 5175 Dmari)
783 5103 924 5160 duodecim
942 5100 985 5158 uel

192 5173 323 5232 tredecim
337 5174 416 5229 antris
427 5185 489 5228 :rute
505 5175 575 5228 illam
591 5174 736 5246 syracuni.

230 5243 321 5299 'i‘crtiu
334 5261 387 5299 trun
402 5243 467 5299 trtiiti
484 5247 548 5301 satis
569 5254 692 5312 cunstat,
713 5262 776 5302 rrum
798 5245 915 5300 burratus
936 5244 987 5300 Ga·

193 5315 283 5376 seruis
298 5331 351 5370 nou
368 5315 449 5371 luerit
463 5314 607 5386 episcopus
621 5316 858 5388 Carthaginensis,
875 5331 937 5372 uam
954 5317 984 5370 ii.

194 5390 346 5457 Augustino
357 5389 401 5457 rpui
418 5384 501 5442 reicrt
510 5403 571 5443 eunt
583 5404 636 5444 trun
648 5389 732 5446 luisse
747 5390 908 5457 Episcopum
921 5386 988 5450 cin

196 5458 401 5528 thagiueuscm,
416 5457 462 5526 scil
477 5473 492 5512 a
507 5456 584 5514 Casia
598 5461 700 5530 nigris,
714 5461 825 5516 minime
839 5458 986 5524 ementior,

196 5545 258 5586 curn
272 5529 378 5585 aiirrrule
392 5531 473 5584 rnrrlta
484 5539 647 5586 concurrant
656 5546 717 5599 quse
727 5531 847 5588 arrirnnm
858 5529 990 5586 inclinant

1036 4747 1096 4802 tiris
1109 4759 1264 4812 surrrenmm
1276 4742 1415 4814 judicandi
1429 4743 1513 4799 luisse
1527 4752 1703 4813 patestatem,
1720 4748 1742 4800 si
1760 4747 1827 4803 llei-

1035 4818 1147 4873 clrinles
1159 4817 1257 4873 uicaria
1270 4826 1298 4870 et
1310 4832 1363 4870 uon
1376 4816 1487 4886 propria
1503 4823 1634 4886 potestate
1658 4815 1721 4872 huic
1743 4818 1828 4875 inter·
1890 4873 1895 4882 ,

1035 4888 1235 4956 iaerltjudiciu.

1073 4959 1153 5015 Addit
1168 4958 1264 5015 Petrus
1277 4957 1643 5025 biclinaeas,0aiuinistarum
1658 4958 1736 5015 hodie
1746 4960 1828 5032 signi-

1036 5030 1086 5095 ier,
1102 5045 1134 5085 eo
1144 5031 1213 5084 libro
1222 5045 1301 5100 quem
1311 5045 1397 5098 nuper
1409 5027 1718 5084 adversusiiardiuaien
1730 5029 1829 5088 Perre·

1038 5102 1113 5157 trium
1128 5101 1299 5170 crinscripsit,
1314 5100 1453 5154 lielclriaeii
1468 5099 1557 5154 sorios
1571 5100 1598 5154 in
1613 5101 1707 5155 escen
1722 5103 1831 5174 delega-

1041 5173 1113 5229 tione
1125 5171 1203 5227 datos
1212 5181 1240 5226 et
1250 5172 1285 5225 ab
1298 5175 1458 5240 imperatore
1471 5170 1566 5242 annali
1581 5186 1641 5225 cunr
1653 5187 1686 5226 eo
1697 5183 1831 5243 potestate

1043 5243 1189 5312 romuleus:
1206 5255 1294 5310 neme
1319 5243 1352 5295 sle
1377 5255 1409 5295 ea
1434 5239 1572 5306 societate,
1587 5253 1631 5299 aut
1642 5247 1713 5315 quiret
1723 5244 1831 5320 jndices

1040 5327 1102 5371 cunr
1119 5327 1223 5368 suornm
1247 5311 1378 5368 Pontilree
1401 5314 1639 5382 ernstituerentur,
1654 5323 1833 5387 conpressam

1040 5401 1103 5442 csse
1113 5384 1287 5440 bieichladenr
1300 5399 1308 5450 ;
1322 5382 1391 5439 rtntie
1400 5386 1549 5452 argttmcntl
1563 5387 1629 5441 satis
1642 5397 1786 5457 essepetat
1796 5385 1831 5441 ad

1041 5456 1177 5514 ialcuduru
1193 5457 1280 5526 prisca
1294 5455 1336 5509 illa
1351 5465 1472 5524 tempora
1489 5467 1517 5512 ct
1539 5459 1707 5512 murcianum
1723 5468 1829 5512 aetatem

1042 5545 1138 5585 ernrrcs
1160 5529 1301 5597 epiecopus
1326 5524 1456 5596 dignitate
1470 5535 1498 5582 ct
1516 5529 1619 5584 buuure
1642 5541 1720 5597 pares
1739 5530 1833 5583 tulisse

197 5600 335 5671 otpertus
353 5600 461 5728 ετἯω
480 5600 682 5656 carrionensis
701 5603 785 5728 erigis
797 5600 988 5672 Carthsmuem
1036 5601 1151 5670 oroneo
1164 5602 1233 5654 inter
1244 5597 1398 5656 eoseadan
1415 5600 1551 5668 prouirmia
1575 5610 1603 5655 ct
1622 5608 1743 5670 potestas
1757 5611 1832 5654 coro·

198 5673 395 5729 translatumet
446 5673 536 5742 jeriau
544 5672 725 5728 successisse.
754 5675 990 5743 rimoruueorstrm

198 5747 226 5802 in
241 5744 288 5801 iiio
308 5743 399 5802 libello
410 5741 529 5798 schisma
549 5740 615 5798 ittae
630 5755 770 5799 uocaretur
790 5760 853 5816 pars
876 5744 990 5809 husai,

199 5818 223 5872 si
240 5827 297 5874 tum
319 5813 466 5887 hiajarinus
479 5811 575 5871 luisset
597 5812 739 5887 episcopus
753 5814 992 5889 carthaginensis?

1039 5679 1836 5800 ⁴¹¹ut'ir'is'rieii'iisaacerrrronunnrunu.carrionenses-

1048 5814 1118 5873 ruuii
1132 5812 1356 5884 responsionem:
1372 5812 1564 5882 imperatorem
1578 5816 1635 5866 trcs
1646 5808 1757 5879 nortem
1779 5811 1837 5884 epi·
