4142 6175
217 220 272 278 6er
788 224 832 281 BE
855 222 979 282 sonuit
1001 223 1147 280 uotonis
1168 224 1301 281 EPOCHA
1816 224 1870 305 ιῑιμ

218 347 274 392 turn
291 352 323 394 et
341 337 426 394 nihilo
445 339 539 395 iecisse
556 353 646 396 rerum
662 346 795 395 naturum.
812 340 845 394 At
862 356 920 395 curn
939 351 1014 395 natu·
1029 343 1054 402 Α
1067 348 1177 396 sanctos
1189 337 1275 404 Zeno,
1301 339 1407 396 cautius
1420 340 1544 412 proiecto
1571 338 1734 395 seutentiam
1759 353 1873 411 etpres-

218 447 275 487 rom
293 446 325 487 ee
344 431 425 486 stiltiis
445 433 533 503 (merit
554 430 682 487 Cirristus.
708 433 789 489 Arius
804 445 868 488 tero
879 430 1016 488 Cirrisium
1069 430 1152 488 sisset
1164 445 1254 498 suant,
1268 444 1358 503 neque
1369 432 1396 487 in
1411 432 1557 488 arianismi
1574 431 1756 501 suspicionem
1769 432 1875 503 potiris·

221 538 256 580 ex
272 522 357 579 uiltilo
367 539 429 579 esse
444 523 563 579 dicebat.
578 523 644 579 Tum
655 525 725 595 quod
737 525 848 581 dicimus
861 542 919 580 cum
929 524 1019 596 (cnrt-
1069 534 1113 581 set
1127 524 1245 581 adduci:
1268 525 1356 582 Sicuti
1370 526 1432 581 ollis
1445 526 1526 582 etiam
1542 524 1729 582 anuntcaents
1748 525 1875 581 Patribus

220 618 307 690 rtrtm)
330 633 362 672 ec
377 616 458 673 uiirilo
479 627 604 673 constare.
629 618 665 674 ltu
688 620 779 674 Arius.
801 619 877 674 llunc
897 633 1017 674 errorem
1069 618 1215 689 contigisse
1226 621 1419 689 comperimus.

223 710 252 767 S.
267 709 341 765 zeno
354 723 442 781 neque
456 725 510 766 unu
524 711 636 767 verbulo
649 711 749 783 urqtrit.
764 707 804 765 llli
816 725 882 783 erpo
896 725 1020 780 comper·
1106 707 1163 767 orn
1177 713 1259 768 etism
1275 712 1356 784 impio
1369 713 1494 784 cogntus
1506 727 1564 783 pree
1573 712 1660 769 oculis
1674 728 1728 769 non
1742 713 1875 770 tinuisse

222 809 266 856 tus
290 814 343 855 uon
365 811 434 869 erat,
456 802 556 857 sicum
581 803 696 873 precise
714 801 911 859 convellendos
934 810 1019 870 esset,
1071 811 1193 859 nostrum
1203 803 1342 860 Zenonem
1356 805 1497 862 evidenter
1507 804 1691 872 conciuditur,
1703 806 1766 877 quis
1779 806 1807 863 iu
1817 806 1872 876 pri·

223 896 362 966 proprium
383 895 416 952 nd
438 896 656 954 confirmandum
674 904 864 969 argumentum
888 898 1019 967 preterit.
1073 908 1116 949 mu
1131 894 1239 957 heresi,
1254 911 1334 965 quam
1345 895 1472 951 Tractutu
1485 896 1601 966 septimo
1612 895 1660 952 lilr.
1673 896 1787 953 secundi
1798 913 1875 952 com·

223 986 294 1043 Ante
310 988 397 1058 ipsum
410 1004 475 1060 ergo
488 1004 608 1045 errorem
623 991 741 1060 scripsit.
1056 980 1206 1042 'memorat
1219 1002 1336 1055 nempe:
1352 986 1411 1064 lina
1422 988 1532 1060 derriqde
1546 988 1640 1044 asserit
1654 986 1684 1043 J.
1700 987 1731 1042 C.
1753 992 1786 1043 ui
1802 997 1877 1044 utero

263 1081 300 1136 De
314 1081 426 1153 reliquis
447 1082 563 1153 propriis
583 1082 745 1138 Asianorum
762 1082 885 1138 formulis
900 1097 967 1153 quas
980 1097 1022 1138 re-
1076 1077 1193 1148 Virqirtis
1208 1077 1301 1134 Mariis
1318 1080 1459 1152 sumpsisse
1481 1080 1638 1152 principium
1655 1098 1661 1132 ε
1682 1077 1815 1149 Desutqtis
1828 1096 1875 1137 ce·

226 1174 382 1229 censuimus
393 1215 400 1239 ,
411 1174 487 1245 ,apud
497 1176 525 1231 S.
540 1174 678 1230 Zenonem
693 1175 778 1231 alituu
794 1176 942 1231 silentium.
958 1173 1024 1230 For·
1073 1172 1134 1227 iude
1153 1172 1185 1227 el
1194 1174 1325 1245 justitiam
1339 1178 1438 1244 [actum
1461 1190 1516 1229 csse
1537 1190 1588 1229 nou
1603 1183 1702 1229 retunt.
1728 1173 1779 1242 Qui
1801 1174 1877 1230 Pauli

225 1270 308 1323 mule
330 1267 492 1323 ortnnonm
514 1268 557 1325 irre
578 1268 740 1324 suni:Non
759 1285 858 1342 scrupis
878 1267 949 1324 Deus
970 1279 1024 1324 erui
1075 1266 1245 1323 Sumosoieui
1270 1281 1348 1323 error
1370 1275 1434 1322 esi:
1466 1266 1640 1323 Contrarium
1665 1267 1730 1322 orio
1754 1282 1877 1323 errorent

225 1360 318 1427 Peter,
333 1377 383 1416 narr
396 1377 496 1434 semper
508 1358 605 1417 Filius.
620 1403 626 1417 .
641 1402 647 1416 .
664 1358 729 1415 Cum
739 1361 825 1415 entnic
838 1362 890 1416 siut
900 1361 1020 1425 condita,
1076 1359 1188 1415 iudicat.
1199 1357 1280 1414 Arius
1300 1374 1398 1429 nempe
1423 1358 1585 1430 Episcopum
1600 1360 1686 1429 pretia
1700 1358 1799 1414 laetum
1816 1374 1879 1413 esse

222 1458 280 1527 ipsc
292 1473 390 1528 putoque
404 1454 513 1529 (Filius)
527 1458 658 1511 conditum
673 1456 806 1527 quiddam,
823 1463 848 1509 ei
859 1471 923 1528 aptis
934 1454 1025 1509 huleri
1075 1451 1161 1509 Deum
1172 1450 1309 1521 prndium.
1319 1450 1385 1507 Cum
1397 1452 1471 1506 uellet
1484 1468 1531 1506 rtur
1542 1467 1689 1524 procreare,
1703 1460 1765 1505 tunc
1778 1465 1880 1521 quoque

225 1550 308 1604 debet.
325 1589 332 1602 .
352 1548 441 1603 .Eum
465 1548 574 1622 (Filium
599 1548 707 1621 nempe)
730 1564 782 1603 uon
797 1557 890 1603 nature
904 1547 932 1600 iu
945 1545 1026 1602 Patre
1076 1544 1153 1598 isium
1174 1544 1331 1613 procreauit,
1362 1558 1436 1614 quem
1455 1552 1591 1615 postquam
1611 1542 1712 1614 qerts'itst
1738 1541 1879 1613 appellarit

226 1643 346 1707 existere,
363 1658 409 1696 nec
432 1656 486 1696 erse
502 1641 637 1714 proprium
656 1642 712 1711 ejus
734 1639 884 1695 suistamim
904 1636 1024 1705 l'crlrum,
1081 1635 1212 1692 Verlrsm:
1238 1635 1282 1690 sed
1295 1647 1318 1691 et
1332 1636 1417 1706 ipsum
1428 1636 1513 1709 qratia
1533 1636 1627 1691 estitit.
1643 1635 1725 1690 Arius
1745 1634 1880 1709 (inquunt)

227 1753 274 1791 uec
287 1735 420 1808 propriam
435 1734 606 1807 Sapientiam,
627 1735 656 1789 iu
668 1750 719 1804 qua
732 1732 943 1789 ntundumilluut
954 1747 1027 1786 crea·
1042 1724 1066 1784 B
1079 1731 1163 1801 gretia
1181 1730 1266 1784 Deum
1285 1729 1408 1785 extitisse
1422 1728 1497 1786 dicit.
1524 1729 1607 1785 Emer
1627 1739 1721 1785 contro
1739 1743 1819 1799 quem
1838 1727 1882 1782 in·

227 1831 275 1893 uit,
286 1828 331 1884 sed
341 1831 369 1883 irs
379 1827 460 1883 Putre
471 1844 525 1885 csse
539 1827 613 1882 aliud
624 1827 769 1899 preprium,
786 1836 808 1880 et
819 1824 947 1898 peculiare
963 1821 1027 1879 Ver·
1077 1822 1153 1878 vehit
1164 1822 1192 1878 S.
1214 1822 1307 1889 Zeno,
1323 1837 1376 1878 nun
1389 1823 1475 1895 grutiu
1489 1865 1496 1886 ,
1509 1821 1557 1879 sed
1571 1823 1668 1878 merito
1681 1863 1689 1887 ,
1703 1821 1734 1875 ai
1750 1820 1881 1893 justitium

229 1921 300 1985 irim,
322 1918 451 1990 aliamque
467 1920 528 1973 item
543 1918 673 1990 proprium
686 1916 850 1988 sapieniam,
872 1915 899 1968 iu
920 1929 971 1985 qua
984 1931 1029 1969 sa-
1079 1912 1164 1969 Ileunt
1179 1912 1278 1969 loetum
1289 1913 1397 1970 usserii.

231 2012 328 2086 pientia
343 2012 429 2080 ipsum
446 2008 555 2065 Verium
568 2008 646 2081 sccii:
666 2008 748 2080 Atque
759 2006 824 2062 odeo
838 2007 924 2078 ipsum
933 2004 1028 2060 uomi—
1117 2007 1252 2073 Quuuium
1268 2007 1389 2076 proiecto
1404 2006 1484 2077 louge
1504 2005 1540 2061 el)
1551 2005 1690 2076 impietate
1704 2004 1782 2071 orit,
1803 2004 1883 2060 Ario·

231 2099 430 2156 rrtsruCirrisitrm
439 2108 554 2174 respectu
563 2100 741 2168 rationalium,
753 2114 811 2167 quir
819 2098 900 2153 uerbis
910 2107 1029 2164 utuntur,
1081 2113 1234 2171 nurumque
1251 2098 1407 2156 insecundo
1430 2098 1547 2155 abluerit
1570 2097 1782 2154 stercorosis
1803 2099 1882 2152 ortti-

236 2190 347 2247 l‘crium
362 2207 415 2247 esse
428 2201 616 2265 nuncupatum.
631 2231 639 2246 .
654 2228 661 2244 .
678 2236 683 2245 .
704 2189 786 2245 Deum
799 2207 850 2245 iren
865 2206 913 2245 nos
927 2199 1030 2262 propter
1082 2201 1154 2255 stes,
1170 2194 1220 2244 linc
1240 2189 1384 2246 nturrilesta
1399 2191 1591 2247 observatione
1605 2189 1745 2247 euidenter
1759 2189 1882 2245 ostendi·

232 2284 306 2340 ilium
334 2283 455 2357 (Filium)
476 2274 522 2339 sed
542 2283 618 2338 illum
636 2293 741 2356 propter
755 2298 802 2339 uus
819 2281 976 2338 condidisse.
998 2322 1003 2334 .
1023 2322 1029 2334 .
1084 2294 1145 2338 tur:
1169 2280 1320 2353 Numquam
1337 2282 1363 2337 iu
1377 2282 1550 2341 Tractatilrus
1571 2282 1601 2340 S.
1623 2283 1748 2339 Docturis
1767 2282 1883 2351 Aritrnt,

234 2375 299 2432 Corn
317 2376 393 2432 celici
406 2392 452 2431 nos
460 2392 610 2448 procreare,
630 2386 691 2430 tunc
706 2390 806 2445 queque
819 2375 897 2428 istum
910 2388 1032 2443 procrea·
1083 2374 1126 2431 tel
1142 2374 1259 2429 Arianos
1271 2376 1425 2432 nominari:
1453 2377 1491 2432 lie
1509 2376 1625 2432 concilio
1637 2375 1748 2432 Nicaeno
1770 2389 1805 2430 ue
1819 2390 1883 2430 urr-

232 2472 278 2532 uit.
290 2487 366 2539 quem
375 2478 510 2542 postquam
519 2469 617 2541 penitus
626 2478 675 2532 esi,
686 2468 825 2539 appellauit
840 2465 966 2521 icium:
979 2463 1033 2520 Sed
1083 2468 1148 2525 burn
1163 2467 1273 2540 quidem
1287 2469 1399 2540 reperiri
1413 2487 1420 2526 :
1435 2468 1671 2535 IleConstmttino,
1684 2480 1712 2526 et
1723 2469 1884 2526 Constantio

236 2577 259 2620 ei
274 2566 358 2637 ipsum
371 2563 455 2636 qratia
470 2563 577 2619 exstitit.
596 2604 603 2617 .
620 2604 627 2616 .
642 2559 774 2615 Christum
787 2576 838 2615 uon
859 2576 914 2630 esse
926 2568 1034 2613 mtiurn·
1085 2562 1188 2618 ttullom
1210 2564 1375 2619 tueutionctu
1392 2562 1460 2620 deri.
1488 2564 1554 2620 Cutn
1579 2580 1642 2620 rere
1662 2564 1697 2621 ils
1720 2565 1887 2636 temporibus

236 2659 296 2726 iem,
313 2669 336 2713 ct
349 2674 433 2713 ueram
451 2656 497 2713 liei
513 2656 664 2730 patentium,
686 2654 731 2713 sed
745 2656 809 2709 sicut
824 2668 920 2720 eruce,
934 2660 957 2706 et
972 2653 1033 2707 iru-
1085 2654 1114 2710 S.
1128 2653 1204 2711 Zeno
1218 2671 1233 2710 a
1249 2654 1372 2712 Dominis
1387 2656 1541 2713 Brileriniis
1555 2657 1755 2721 constituetur,
1777 2656 1887 2729 quando

235 2755 277 2810 citi
293 2755 457 2828 appellemur
469 2753 588 2826 potentiis
602 2748 791 2818 omnipotentis
809 2748 876 2817 lici,
900 2748 938 2802 ita
951 2747 1035 2819 ipsiius
1087 2747 1192 2817 ipsimet
1206 2749 1300 2805 Ariani
1314 2751 1461 2819 primasius
1474 2749 1548 2820 impii
1570 2752 1612 2806 sui
1631 2750 1755 2807 Bructeris
1775 2765 1887 2806 errores

236 2863 335 2920 quaque
345 2846 473 2917 appellari
485 2842 705 2912 omnipotentiam
717 2839 815 2895 Patris.
831 2881 839 2895 .
853 2877 861 2893 .
873 2836 973 2892 Filium
984 2853 1034 2891 uari
1087 2837 1122 2893 alr
1136 2839 1253 2910 antiquis
1269 2841 1403 2897 imreucis
1417 2854 1544 2912 aceeptus
1558 2842 1841 2910 struthemotizoruut,
1857 2852 1888 2897 ut

235 2951 323 2997 scocie
336 2936 749 3012 coquascerePaircm,ttecsuam
762 2932 865 3004 quidem
878 2932 959 3004 ipsius
970 2928 1034 2984 suli-
1088 2932 1116 2989 in
1137 2932 1306 2990 Antiucltcnn
1327 2935 1488 2991 Asianorum
1508 2936 1614 3009 syuodo
1637 2946 1697 3008 post
1715 2937 1886 2993 Constantini

235 3033 357 3090 stantium
380 3032 508 3104 capsitano
532 3029 635 3085 ltaiere.
665 3027 712 3084 lle
731 3037 796 3083 sunt
815 3040 883 3099 quas
908 3023 1036 3082 Socrates
1090 3034 1205 3081 mortem
1228 3026 1319 3083 osuiu
1345 3027 1459 3085 uuuuC.
1474 3028 1546 3096 ill,
1571 3030 1598 3084 iu
1612 3044 1664 3102 quo
1678 3029 1795 3085 formula
1810 3029 1888 3085 Fidei

235 3125 282 3181 iii.
303 3140 323 3191 1,
343 3140 402 3196 cap.
422 3122 450 3192 i,
466 3122 596 3189 treuclias,
614 3131 639 3176 ei
652 3121 783 3176 inauditas
800 3119 855 3175 orii
876 3117 1034 3174 adsertiones
1048 3099 1072 3164 C
1091 3120 1163 3175 edite
1176 3130 1228 3188 est,
1243 3129 1271 3176 et
1284 3120 1310 3176 iu
1321 3136 1352 3177 eo
1367 3121 1568 3189 datuuanturii,
1581 3139 1641 3195 quae
1654 3133 1798 3180 usserunt:
1815 3121 1889 3179 Tem·

236 3218 354 3274 eccard:
368 3218 401 3274 Ει
414 3216 581 3274 Sosommnts
592 3215 637 3270 iii.
653 3230 673 3282 1,
687 3231 747 3285 cup.
763 3213 808 3281 ts,
822 3213 891 3283 quod
906 3229 922 3265 a
939 3210 1039 3266 neurius
1090 3228 1148 3283 pus,
1160 3222 1205 3265 aut
1216 3222 1380 3278 moutemrm,
1396 3225 1441 3268 out
1454 3214 1577 3269 seculum
1591 3231 1657 3282 esse,
1668 3215 1707 3270 cel
1722 3216 1802 3287 {uisse
1815 3225 1888 3269 unte-

238 3327 362 3381 umquam
379 3310 476 3365 dictum
494 3312 579 3379 [uerat
590 3309 646 3379 ipsc
662 3305 766 3379 (Arius)
785 3306 811 3359 iu
827 3302 942 3359 Ecclesia
958 3317 1038 3356 ausus
1089 3319 1167 3372 quam
1179 3306 1325 3377 qiqrterettsr
1347 3305 1452 3361 Filius:
1476 3305 1523 3363 Vel
1539 3308 1562 3361 si
1580 3308 1638 3378 qais
1652 3308 1765 3374 dicerit,
1788 3305 1888 3362 Filium

240 3405 317 3476 {uerit
335 3403 493 3472 predicarc;
515 3414 574 3457 aute
591 3418 654 3473 quas
674 3410 795 3471 utrosque
810 3396 933 3466 sepner
958 3395 1003 3450 iii.
1019 3410 1036 3450 ι
1091 3405 1236 3451 creaturam
1246 3413 1301 3451 esse
1311 3406 1434 3465 tanquam
1446 3415 1522 3453 unam
1536 3401 1679 3455 exercetis.
1693 3399 1732 3455 lia
1747 3408 1775 3455 et
1789 3400 1816 3456 in
1830 3399 1888 3456 lor-

240 3495 301 3551 lsisi.
315 3512 373 3567 cap.
390 3494 524 3552 lsPraua
534 3494 654 3567 quedam
664 3494 696 3548 de
708 3491 864 3564 fideCirssti
874 3491 999 3563 prolerre,
1014 3499 1038 3545 et
1090 3491 1162 3546 ntula
1177 3490 1330 3548 aNarcisso
1340 3492 1436 3561 Cilice,
1451 3493 1566 3564 ullisque
1582 3493 1889 3566 tribusEpiscupispro·

240 3607 298 3662 quie
318 3598 395 3645 antea
414 3590 441 3644 in
459 3589 625 3659 questionem
644 3602 784 3656 numquam
804 3595 941 3653 emerunt,
962 3584 1038 3654 coept't
1091 3586 1219 3655 mulqcto,
1231 3601 1284 3656 quo
1298 3586 1470 3643 anathemate
1484 3587 1635 3654 leniuntur,
1649 3590 1693 3658 qui
1707 3587 1830 3646 dicerem
1841 3587 1889 3644 rt·

238 3682 344 3758 tortus)
356 3684 424 3739 uude
437 3691 462 3737 ei
479 3680 599 3736 Hilarius
619 3681 743 3735 Ariorum
758 3696 852 3735 uorans
864 3679 981 3735 heresim
995 3693 1039 3732 ao·
1090 3677 1157 3733 lium
1171 3692 1232 3735 esse
1245 3695 1338 3734 eastun
1351 3678 1534 3744 reicientibus,
1547 3680 1587 3737 ccl
1600 3697 1633 3735 ea
1642 3682 1723 3737 altera
1736 3681 1888 3754 hypostasi,

240 3788 279 3832 cut
293 3777 338 3832 iti.
353 3792 390 3830 ru
403 3777 435 3830 de
453 3773 580 3829 Trinitatis
593 3791 620 3831 rs.
637 3775 665 3841 3,
681 3775 798 3829 tamesim
816 3772 942 3827 novellum
961 3787 988 3824 it.
1008 3769 1036 3834 6,
1091 3781 1115 3825 et
1127 3786 1178 3825 nau
1188 3786 1221 3826 ee
1232 3769 1298 3837 Dee,
1308 3783 1354 3826 atti
1365 3773 1445 3845 sitisse
1452 3773 1592 3845 aliquande
1602 3783 1767 3847 icutpuscttm
1774 3773 1889 3829 uottdsm

241 3868 404 3924 stratellam
419 3868 486 3923 liseur
500 3876 559 3938 post
572 3866 775 3939 quudrinqentos
792 3868 845 3937 {cre
859 3879 940 3917 annas
957 3878 1040 3933 nuper
1095 3871 1170 3917 esset.
1185 3859 1271 3930 idem,
1284 3873 1311 3918 ei
1326 3864 1352 3918 in
1366 3864 1471 3936 syttodu
1484 3865 1629 3921 Sirmiensi
1640 3866 1677 3920 ab
1691 3864 1799 3920 Arionis
1814 3864 1889 3919 tratri·

242 3961 371 4017 inueniam
383 3959 429 4014 iii.
449 3975 468 4022 t,
483 3958 517 4013 ud
531 3956 709 4013 Constantium
723 3975 795 4012 ituris.
814 3958 842 4024 5,
860 3972 938 4027 quam
965 3956 1038 4010 scili·
1092 3965 1120 4011 tu
1134 3970 1206 4010 anno
1220 3956 1283 4011 sot.
1293 3957 1361 4013 Cum
1376 3958 1485 4028 iuquam
1499 3975 1514 4012 u
1527 3959 1648 4016 [iontluis
1658 3959 1811 4017 Balleriniis
1823 3970 1890 4016 utus

239 4063 279 4109 cci
299 4064 357 4109 arsis
375 4052 467 4107 Arium
485 4050 583 4118 decuit,
603 4059 628 4107 ei
649 4051 821 4124 propequauii
838 4066 921 4104 nemu.
939 4049 1039 4104 Contra
1091 4046 1122 4102 S.
1133 4046 1251 4103 Zenonis
1262 4052 1422 4119 postotunia
1437 4049 1495 4106 ltec
1509 4062 1666 4124 reponetur,
1678 4067 1750 4110 anrre
1762 4052 1890 4109 credibile

239 4147 299 4204 hec
320 4148 352 4202 D.
370 4146 444 4202 Zeno
457 4156 508 4202 nec
524 4145 604 4200 motii
614 4143 732 4216 quidem.
747 4141 822 4199 Alius
835 4142 976 4210 loturulus,
990 4156 1039 4197 seu
1091 4148 1134 4196 est
1143 4139 1173 4195 S.
1187 4138 1326 4197 Zenonem
1343 4143 1369 4197 in
1382 4143 1506 4214 antiquas
1520 4144 1640 4201 hereses
1652 4147 1687 4202 uls
1700 4149 1767 4218 ipsis
1782 4147 1890 4202 Arianis

239 4258 349 4300 errores
360 4245 441 4309 ulios,
464 4257 533 4307 ortos
550 4239 631 4295 isius
648 4254 662 4293 o
678 4238 867 4304 Sensusntenn,
882 4243 992 4295 Artemo
1007 4249 1040 4291 uc
1091 4237 1233 4293 damoetas
1247 4237 1402 4307 disserere,
1417 4249 1593 4312 occentusque
1607 4244 1734 4298 emittere
1746 4241 1890 4298 soluissei

239 4335 346 4392 Ebione
359 4335 459 4400 ireusit,
470 4333 596 4390 eumdem
612 4341 752 4388 auctorem
766 4343 888 4389 nostrum
899 4331 1040 4403 impetisse
1090 4329 1217 4402 Nihilque
1238 4329 1273 4387 de
1292 4330 1391 4387 celebri
1416 4333 1591 4389 contentione
1614 4333 1659 4389 illst
1680 4333 1752 4390 cirea
1777 4335 1889 4408 periturns

239 4429 367 4493 uidimus,
379 4437 408 4484 et
417 4443 448 4483 es
459 4442 520 4499 quse
531 4426 658 4499 Dionysio
670 4426 856 4482 otcsuuortno
866 4426 1036 4492 exciderunt,
1091 4427 1135 4482 sis
1149 4423 1286 4498 iprensem
1302 4422 1408 4493 penitus
1418 4424 1562 4495 attigisset
1576 4441 1635 4497 quur
1648 4435 1733 4492 tento,
1746 4435 1775 4485 ei
1787 4426 1887 4483 (latito-

240 4534 274 4577 eo
284 4519 355 4592 qued
367 4521 475 4575 incaute
486 4520 638 4590 protulerit.
651 4516 715 4573 Cum
730 4519 762 4574 sii
776 4534 816 4572 res
827 4517 907 4587 iactu,
922 4533 974 4572 nors
984 4526 1040 4571 erut
1052 4492 1080 4554 Ῑ)
1093 4516 1206 4573 licorum
1220 4558 1228 4582 ,
1254 4523 1281 4572 et
1295 4516 1456 4573 orianorum
1471 4516 1589 4585 ardore,
1611 4529 1638 4574 et
1650 4516 1763 4574 delenss
1776 4560 1785 4585 ,
1798 4530 1826 4576 et
1839 4520 1891 4576 iot·

239 4627 377 4684 antequem
388 4613 482 4685 perci:
500 4611 563 4669 ilrec
574 4611 683 4683 utriquta
697 4617 778 4682 atque
793 4610 919 4664 donimus
938 4609 973 4664 ub
988 4607 1040 4665 Ec·
1092 4618 1208 4681 pugnata
1222 4607 1272 4664 luit
1285 4623 1318 4663 eo
1331 4608 1391 4678 ipse
1406 4619 1538 4679 tempure.
1554 4625 1609 4681 quo
1624 4609 1774 4666 Veronensi
1798 4610 1889 4668 eccle·

241 4709 336 4774 elesiu,
350 4716 381 4763 ut
394 4707 610 4763 demonstratum
624 4713 667 4760 est
678 4719 773 4775 supra,
786 4718 848 4759 cum
862 4703 920 4759 ortt
934 4713 1040 4774 tempus
1091 4704 1140 4758 sire
1152 4702 1181 4759 S.
1196 4699 1333 4756 Zenonem
1347 4701 1499 4770 preficiunt
1512 4701 1689 4759 eruditissimi
1702 4702 1803 4759 laudati
1822 4702 1888 4758 iirt.

238 4804 351 4859 minime
370 4809 538 4869 eottnuieni,
560 4798 609 4855 sed
624 4797 762 4865 Gallieni,·
782 4797 854 4852 nullo
873 4796 980 4874 ratione
1005 4797 1040 4852 nir
1094 4794 1132 4850 ue
1147 4793 1198 4848 ltoc
1211 4807 1276 4848 vero
1288 4807 1411 4862 agemus,
1422 4808 1483 4847 curn
1499 4792 1707 4850 istrianorum
1721 4794 1882 4851 lortuulisre

240 4893 321 4963 ltujus
332 4891 504 4962 imperatoris
514 4904 573 4968 reto
586 4890 767 4947 removendus
778 4898 819 4945 est
829 4888 858 4945 S.
871 4888 944 4945 Zeno
954 4907 960 4943 :
970 4887 1039 4958 Quin
1093 4886 1161 4942 uruit
1172 4900 1273 4942 sermo.
1287 4884 1403 4941 intactas
1416 4887 1505 4958 itaque
1519 4887 1549 4944 S.
1566 4887 1641 4946 Zeno
1653 4887 1814 4945 triariorum
1830 4902 1893 4961 pro·

240 4985 296 5041 imo
316 4998 377 5040 cum
395 4985 431 5040 de
445 4984 502 5040 Arii
522 4985 639 5056 propriis
660 4982 799 5040 erroribus
820 4983 921 5039 nullam
941 4982 1035 5041 lecerit
1091 4981 1164 5050 prius
1179 4977 1310 5034 surrrrulos
1323 4994 1385 5033 cunt
1399 4978 1548 5050 reliquerit,
1564 4979 1630 5037 driu
1644 4981 1825 5053 posteriorem
1842 4984 1891 5037 trs·

241 5078 418 5143 mentionem,
433 5079 518 5134 mulio
529 5087 592 5135 onte
603 5079 705 5136 titisse
715 5078 846 5136 dicendus
856 5089 908 5138 cst.
1091 5073 1209 5129 bendum
1223 5086 1276 5127 nou
1290 5085 1353 5127 esse
1364 5071 1567 5128 euidentissime
1578 5084 1695 5130 constat.

277 5168 316 5224 Es
327 5183 361 5224 ee
373 5168 481 5241 quidem
496 5169 526 5226 S.
537 5169 674 5227 Zenonem
687 5172 768 5228 tertio
783 5171 883 5227 seculo
895 5171 1038 5241 scripsisse
1090 5167 1104 5239 l
1127 5165 1199 5222 xix.
1217 5165 1272 5223 SS.
1295 5165 1386 5223 Patres
1397 5167 1459 5222 Ario
1473 5171 1644 5240 posteriores,
1656 5170 1712 5225 Arii
1725 5212 1732 5234 ,
1747 5179 1771 5227 ci
1781 5171 1892 5226 onore·

239 5269 364 5330 cunstat,
379 5261 451 5321 quod
470 5262 542 5317 circa
555 5265 720 5336 precipuum
735 5262 811 5320 iilum
825 5264 882 5319 orii
896 5277 1036 5319 errorem.
1118 5275 1175 5312 rum
1191 5260 1312 5331 proprius
1323 5259 1449 5332 [amulas
1459 5261 1513 5315 ruis
1527 5263 1555 5316 is
1572 5263 1691 5333 operitur
1705 5265 1863 5337 murreum.

240 5349 307 5408 Cum
324 5352 399 5408 uellet
418 5368 464 5407 nos
486 5369 622 5424 procreare
637 5353 761 5429 ,(Ριιιι),
778 5356 1037 5426 iurrcquaqueistum
1126 5355 1236 5426 Aliquot
1257 5357 1410 5427 seligemus
1423 5354 1472 5412 SS.
1491 5356 1624 5422 Patruus,
1647 5358 1694 5429 qui
1714 5366 1777 5429 pust
1796 5359 1890 5414 orium

240 5446 364 5519 (Filium)
377 5447 529 5519 procrearit.
541 5446 690 5515 Qtramdom
705 5462 766 5503 eunt
781 5447 935 5503 hocerrore
948 5447 1038 5501 silini·
1089 5448 1267 5517 scripserunt,
1281 5449 1441 5515 sententies,
1458 5455 1487 5503 ut
1502 5451 1528 5503 in
1544 5449 1577 5504 iis
1592 5450 1716 5520 proprias
1726 5452 1891 5508 :tristiorum

238 5549 322 5597 tatem
334 5540 479 5596 uerborum
490 5540 585 5595 saltem
595 5523 622 5594 ἰῖι
632 5536 791 5610 quibusdum
805 5538 834 5597 S.
847 5538 965 5596 Zenonis
977 5554 1037 5595 scr·
1089 5539 1221 5595 formulas
1244 5531 1405 5595 indicemus.
1434 5541 1472 5596 ils
1495 5556 1577 5612 supro
1593 5545 1760 5598 entimeratis
1774 5544 1890 5601 Ariano-

239 5631 367 5687 menibus
378 5630 491 5700 reperiri
503 5641 578 5704 putat
592 5631 726 5698 Potetius,
738 5630 771 5687 dc
782 5646 836 5703 qttu
848 5629 961 5687 inlerius
971 5644 1036 5703 ege·
1089 5649 1148 5690 rum
1161 5634 1283 5690 turmulis
1297 5635 1383 5704 prima
1399 5634 1534 5691 est:Non
1556 5652 1656 5707 semper
1670 5634 1742 5692 Deus
1762 5647 1817 5694 crat
1839 5637 1893 5693 Ρα-

237 5735 308 5780 mtts.
323 5724 479 5796 sinumque
493 5734 553 5798 posi
566 5728 657 5784 Atium
671 5715 814 5783 sermones
824 5738 889 5782 suos
900 5725 1039 5784 imbuisset
1090 5735 1137 5795 ier,
1150 5742 1201 5780 nau
1213 5739 1314 5796 semper
1325 5722 1420 5782 Filius.
1436 5724 1538 5784 Cutttrt
1550 5725 1753 5786 concessorem
1765 5741 1892 5800 procon-
