4142 6175
268 266 323 326 859
968 274 972 281 ’
990 254 1260 317 caocccottcttm
1887 256 1939 316 tta

269 382 369 441 Straba
380 378 619 453 Geograplaurnm,
633 390 748 449 quarunt
758 374 906 446 scriptaad
921 389 970 431 uos
980 388 1069 431 vane·
1083 378 1107 438 Α
1122 372 1298 444 fundamentis
1311 386 1365 429 xxa
1377 372 1484 446 pedum
1499 372 1611 447 singule
1624 373 1864 448 contignatiausns
1879 388 1943 443 gas·

270 490 312 542 rc,
332 473 546 544 antiquissimus,
567 470 600 524 sle
620 467 794 540 Carthaginis
812 467 864 523 situ
888 466 928 523 sic
951 467 1068 523 scribit:
1123 474 1192 519 tuor.
1215 462 1285 519 Muri
1298 480 1356 520 uera
1370 463 1405 519 ad
1417 464 1555 521 secundans
1568 468 1796 542 contignationem
1807 467 1942 541 pertinge·

269 567 417 629 Usnrnsao
436 566 463 619 in
483 562 622 635 peninsula
638 560 751 634 quadam
767 565 850 636 jacet,
870 577 927 630 quse
946 561 1070 616 curbitum
1123 555 1194 612 bant.
1207 555 1292 611 lirant
1304 567 1390 612 autern
1403 558 1525 628 fornicati
1539 568 1564 614 et
1580 576 1688 631 capaces
1700 560 1731 616 in
1750 560 1942 631 quaruntinfi·

271 658 345 715 babet
354 656 496 713 stodiarum
510 669 596 711 ccccx
612 669 685 709 nsuro
702 653 825 719 cinctum,
846 652 921 725 cujus
933 654 1071 726 sexaginta
1122 665 1164 703 sno
1173 660 1247 722 parte
1259 664 1307 706 ccc
1319 648 1448 718 slepbauti
1458 650 1669 718 calciabantur,
1686 651 1835 726 adjunctis
1848 651 1938 722 pabuli

269 751 412 808 uadiorusn
433 747 620 819 longitudinem
640 746 735 802 callum
753 756 871 813 occupat,
893 746 962 816 qaod
975 763 991 800 a
1004 745 1072 799 nsari
1122 742 1320 814 promptuariis.
1337 740 1464 813 Superius
1476 753 1549 799 maist
1562 753 1671 815 gasatuar
1681 744 1804 799 millium
1816 758 1941 814 equarum

270 842 305 897 ad
319 857 389 896 mare
407 841 527 911 pertinet,
546 839 590 894 ubi
613 836 855 910 Carthaginensium
872 837 1001 910 elephanti
1014 848 1068 892 sta·
1121 835 1292 891 stabulacum
1303 835 1543 907 bmddpenuariis.
1562 836 1684 891 Virorum
1695 852 1810 909 quoquc
1821 835 1942 891 diuerso·

272 931 490 997 balababebant‚
504 940 527 986 et
545 930 616 986 locus
631 930 807 1001 amplissimus
820 939 867 986 est.
882 927 1011 989 lnntcdiu
1026 946 1072 983 ur·
1123 930 1174 996 rio,
1193 945 1229 985 xx
1251 930 1362 984 millium
1382 932 1505 1003 peditum,
1533 941 1644 999 quatuor
1668 931 1789 987 millium
1813 929 1941 999 equitum.

272 1025 303 1082 be
315 1042 365 1081 aroc
378 1025 438 1098 fuit,
458 1040 535 1095 ouans
555 1022 666 1095 Byrsam
682 1030 816 1088 namnum,
828 1021 997 1094 supercilium
1009 1021 1073 1077 satis
1123 1021 1488 1095 Tantusopporatasbcllicus
1502 1008 1662 1080 ordinarium
1676 1026 1770 1081 locunt
1786 1024 1902 1080 lsabebm
1917 1025 1942 1080 in

271 1128 402 1183 erectum,
425 1118 522 1172 circum
548 1116 618 1170 circo
641 1115 803 1180 dubitatum,
828 1115 857 1169 iu
882 1117 958 1188 cujus
981 1117 1073 1169 sertim
1123 1116 1186 1171 solis
1200 1117 1336 1172 manibus.
1352 1118 1468 1191 Angelus
1482 1128 1588 1181 autem,
1607 1118 1695 1191 puiob
1708 1118 1763 1172 isac
1779 1133 1863 1172 muro
1878 1133 1943 1186 proe·

269 1208 422 1281 AEsculapii
443 1209 566 1280 templum
583 1216 647 1272 mat,
665 1207 734 1278 quod
754 1205 903 1262 Asdrubalis
916 1222 982 1261 soor
996 1216 1073 1275 copta
1125 1216 1163 1263 ter
1173 1208 1269 1263 dictam
1286 1210 1400 1281 linguam
1411 1208 1446 1262 ad
1458 1219 1547 1280 partus
1557 1209 1717 1280 plectebatur,
1730 1212 1812 1265 solus
1827 1217 1886 1265 erat
1897 1209 1941 1266 dc·

272 1303 334 1359 urbs
350 1320 436 1359 secum
448 1301 628 1361 concremarit.
643 1299 704 1354 daci
718 1309 807 1368 partus
821 1297 964 1372 subjacent,
984 1307 1009 1353 et
1022 1295 1074 1353 Ca·
1124 1298 1182 1354 bilis
1194 1310 1218 1355 et
1237 1301 1354 1367 bannilis,
1379 1299 1507 1372 neglectus
1523 1317 1539 1355 a
1556 1301 1695 1373 principio.
1720 1299 1762 1356 tls·
1785 1310 1885 1373 portus
1906 1302 1941 1356 sic

272 1396 336 1453 tlson
349 1412 429 1466 parua
445 1395 531 1450 insula
551 1409 582 1448 nc
599 1391 712 1447 rotunda
729 1389 831 1460 Euripo
848 1389 1020 1457 circumdatm
1037 1387 1073 1443 od
1125 1402 1197 1447 mant
1210 1392 1344 1463 dispositi,
1360 1402 1388 1448 nt
1405 1393 1535 1465 nauigatio
1550 1401 1614 1448 esset
1634 1410 1666 1448 ea
1678 1393 1733 1448 alio
1746 1393 1778 1447 in
1794 1393 1901 1461 alium,
1916 1405 1939 1450 et

273 1486 349 1558 cuius
367 1494 502 1556 utrumqne
519 1493 618 1556 partem
638 1492 696 1539 sunt
715 1483 743 1537 in
762 1483 849 1538 orbem
867 1482 981 1537 naualia.
1001 1479 1070 1536 Earn
1123 1485 1155 1540 ab
1174 1486 1228 1541 alto
1247 1502 1326 1540 unum
1347 1502 1481 1541 commune
1498 1503 1526 1540 as
1548 1486 1650 1554 patebat
1666 1486 1751 1542 latum
1773 1486 1858 1558 pedes
1878 1503 1939 1553 cu,

272 1580 360 1636 urbem
372 1578 442 1634 uita
456 1577 571 1633 condidit
589 1575 677 1650 Tura,
696 1575 836 1631 coloniaco
850 1573 984 1640 adductis,
1007 1589 1072 1646 pro·
1125 1578 1194 1649 quod
1207 1579 1375 1635 claudebatur
1393 1580 1490 1637 catenis
1505 1581 1604 1653 [erreis.
1627 1578 1734 1637 Prinasss
1751 1590 1851 1654 portas
1863 1598 1940 1654 nepa·

274 1676 352 1743 [ecta.
368 1670 403 1726 lit
421 1671 485 1727 adca
504 1670 566 1726 berse
581 1670 655 1725 cessit
668 1667 723 1723 bec
736 1664 824 1723 Poenis
839 1665 950 1732 colonia,
965 1678 1020 1723 etc.
1034 1665 1071 1722 Et
1123 1674 1245 1730 tiataruns
1257 1683 1323 1737 erat,
1337 1684 1361 1729 et
1374 1676 1400 1728 in
1415 1691 1444 1730 eo
1458 1675 1571 1733 tabernae
1583 1675 1609 1730 iu
1621 1685 1764 1730 nautarum
1777 1692 1861 1731 usum
1871 1676 1939 1730 mul·

273 1781 336 1823 man
347 1782 354 1820 ε
367 1763 467 1831 Quibus
477 1763 567 1837 apibus
577 1763 629 1829 usi,
641 1760 855 1833 Carthaginenses
865 1760 971 1828 scilicet,
985 1760 1074 1815 urbem
1087 1764 1112 1825 Β
1127 1776 1159 1822 tae
1177 1768 1242 1822 narii
1260 1767 1372 1840 generis.
1394 1766 1531 1824 insertoris
1544 1784 1603 1824 ncne
1623 1778 1714 1841 porrus
1735 1769 1766 1823 in
1784 1766 1876 1824 medio
1891 1767 1940 1839 [uis

273 1874 348 1916 suom
371 1857 462 1914 Rosciae
483 1856 602 1913 aemulans
621 1859 713 1928 secere,
734 1864 759 1910 et
781 1855 831 1910 tria
851 1855 965 1910 mamam
985 1863 1076 1908 contra
1127 1864 1318 1937 puppimque,
1333 1865 1400 1922 siens
1413 1877 1437 1921 et
1450 1876 1556 1938 partus.
1571 1876 1709 1938 perpetuas
1722 1865 1844 1922 babebat
1858 1866 1940 1936 crept.

275 1950 408 2007 namanes
430 1949 497 2005 leui
526 1964 634 2020 lilim·
665 1944 910 2021 Cilibiii'iii’l‘l'im
933 1947 1075 2018 potentiam
1126 1958 1201 2013 dines
1217 1973 1326 2030 nmpnas
1341 1957 1474 2013 naualibus
1489 1963 1612 2031 relectas,
1628 1975 1685 2030 quae
1698 1974 1774 2016 ccxx
1796 1975 1879 2015 naocs
1898 1975 1940 2015 ca·

275 2048 387 2101 'illim‘
398 2059 431 2098 ea
444 2043 534 2098 “lilim
549 2058 636 2097 ‘mm
655 2041 721 2097 iim
735 2042 863 2098 ‘illimis‘
879 2045 980 2112 limbis
995 2056 1075 2110 ‘lm
1126 2059 1232 2123 perant:
1253 2049 1293 2105 lsis
1304 2049 1378 2105 cellae
1389 2050 1568 2117 inuninebnnt,
1583 2050 1628 2106 ubi
1641 2051 1827 2107 condebantur
1841 2053 1938 2106 instru-

275 2139 399 2212 Sct'itt'vdd
413 2135 559 2191 AEml'lidb‘l
572 2132 952 2207 tpntmtetinartcsatasu
961 2141 1065 2203 (ΨΜ
1127 2153 1212 2198 menta
1235 2143 1388 2198 triremium.
1419 2142 1505 2198 Unum
1534 2155 1619 2198 autem
1642 2144 1767 2215 quodque
1793 2143 1888 2199 ssuaale
1912 2142 1938 2196 in

273 2237 355 2294 initio
367 2236 435 2292 esaim
458 2236 513 2305 eius
527 2233 588 2290 belli
599 2248 648 2290 ccc
663 2231 737 2287 urbes
749 2230 776 2286 in
789 2230 879 2302 Africa
890 2227 1016 2284 babebant
1026 2243 1036 2281 .·
1047 2243 1074 2280 sn
1126 2236 1211 2307 prorsus
1224 2234 1334 2290 iniebat
1343 2234 1409 2290 dum
1418 2236 1552 2290 columnas
1565 2236 1650 2304 operis
1664 2234 1766 2306 tonici,
1782 2244 1813 2290 pc
1825 2236 1935 2291 crum„-

273 2330 338 2386 urbe
350 2328 484 2386 bandmm
497 2326 580 2382 millia
593 2325 764 2399 septingenta.
783 2321 886 2379 Obsessi
901 2336 993 2393 porro,
1009 2327 1033 2376 et
1045 2328 1075 2374 stt
1125 2326 1293 2397 spicicntibus
1317 2336 1531 2396 repraesentarent
1556 2320 1668 2400 speciem
1687 2329 1811 2400 partious
1836 2338 1889 2382 tam
1910 2326 1937 2380 in

272 2422 309 2478 ad
321 2421 476 2478 deditionem
491 2427 647 2494 spectarem,
662 2417 746 2473 idacii
759 2426 899 2471 bilbilim
912 2415 999 2489 ambli
1014 2423 1070 2469 lm·
1129 2431 1205 2495 portu
1225 2439 1302 2495 guam
1324 2423 1351 2476 in
1373 2422 1476 2479 insula:
1497 2423 1524 2476 in
1542 2438 1592 2494 gua
1606 2431 1661 2476 crat
1672 2430 1696 2476 et
1710 2421 1833 2493 praelecti
1849 2419 1936 2475 classis

272 2513 513 2570 &millium
522 2508 1075 2581 ’bbulisiiiiiiliiimmibiiiiiimilmm
1127 2516 1286 2589 praetorium,
1302 2514 1371 2571 unde
1392 2516 1490 2570 tubicen
1510 2514 1606 2571 solebat
1619 2531 1711 2570 cunm
1735 2516 1891 2581 classicum,
1914 2522 1935 2567 ct

272 2610 324 2666 trt'tt
339 2607 394 2681 30
411 2607 504 2675 millia,
522 2621 555 2662 M
573 2620 650 2674 viiiv
669 2603 701 2659 55⁸
720 2601 814 2657 illlum
831 2600 913 2672 fimi·
938 2598 992 2656 5θᾶ
1016 2615 1075 2654 ‘lm
1128 2625 1213 2681 praeco
1224 2609 1335 2674 edicere.
1346 2618 1370 2663 et
1381 2610 1519 2679 praefectur
1534 2608 1690 2678 prospicere.
1705 2606 1775 2662 Erat
1783 2618 1870 2662 autern
1882 2607 1935 2660 lucc

272 2718 361 2759 'libili
374 2701 471 2758 lium
481 2714 570 2772 iiim
581 2696 770 2762 dliiiiiffliiir
785 2708 846 2749 Μ
862 2708 936 2747 “imi
949 2691 1075 2765 libiiiflii’
1127 2701 1214 2757 insula
1228 2702 1267 2757 ori
1282 2710 1372 2772 portus
1385 2700 1514 2771 opposita,
1530 2708 1553 2754 et
1567 2700 1594 2754 in
1606 2698 1712 2770 longum
1726 2700 1849 2770 spatium
1863 2708 1935 2771 pots·

271 2810 369 2865 wilm
380 2811 390 2851 ἰ
400 2810 431 2849 “⁰
444 2791 556 2865 ‘bibisti
568 2789 658 2845 ‘iiiiii'
675 2803 730 2844 ⁶¹¹⁴
751 2786 837 2859 “iiiiii
849 2787 976 2855 ‘millii
990 2786 1017 2838 ¹⁸²¹
1028 2801 1073 2839 ar·
1126 2794 1189 2861 bat,
1207 2804 1235 2849 ttt
1255 2794 1392 2867 praefectus
1412 2792 1502 2866 procul
1516 2793 1612 2848 uideret
1626 2794 1730 2859 omnia,
1755 2810 1817 2864 pute
1836 2794 1864 2847 in
1878 2790 1930 2846 aba

271 2887 426 2944 macarium
438 2883 624 2956 refocillabit,
650 2889 674 2935 tl
687 2878 769 2954 91αᾶἰὶ
787 2893 835 2936 ⁶00
850 2887 875 2934 el
889 2878 986 2933 lanii&
997 2877 1076 2947 quin·
1127 2887 1228 2957 piorem,
1251 2895 1370 2940 caeterum
1390 2883 1606 2956 adnavigants'bus
1623 2901 1675 2939 caan
1694 2893 1782 2939 essent
1804 2881 1933 2954 conspicui

271 2986 365 3057 genta,
383 2987 408 3034 et
421 2976 493 3032 nsille
504 2976 576 3031 tela:
593 2989 651 3045 gua
667 2991 682 3029 c
695 2972 834 3041 catapultis
847 2970 1024 3027 mitterentur:
1039 2970 1075 3025 ad
1129 2993 1242 3034 recessus
1255 2986 1374 3050 portuum
1386 2992 1395 3030 .·
1405 2976 1457 3031 ima
1467 2993 1513 3031 nec
1522 2976 1704 3032 nsercataribus
1714 2977 1823 3048 puidam
1833 2958 1932 3049 porum

271 3087 381 3144 guarum
400 3072 476 3143 sanes
499 3067 675 3139 conficiendas
696 3065 799 3122 ancillet
815 3065 900 3121 crines
916 3062 1073 3136 ptoebtbtml·
1127 3087 1202 3125 suum
1224 3069 1380 3126 intrantibus
1399 3069 1486 3126 statim
1505 3069 1534 3126 in
1555 3080 1692 3140 conspectu
1718 3082 1795 3127 mont
1818 3069 1929 3126 uomitu.

270 3165 362 3222 Adbuc
372 3181 449 3220 naues
473 3178 510 3219 ιιι
528 3161 654 3217 babebant
666 3160 697 3215 ab
708 3175 776 3216 anno
786 3158 1019 3230 quinquagesimae
1029 3156 1075 3226 lae·
1089 3162 1113 3227 (ζ
1129 3160 1201 3217 Νααα
1213 3161 1372 3217 circumdata
1385 3171 1459 3218 eram
1471 3177 1546 3217 mura
1561 3163 1679 3235 duplici:
1694 3173 1718 3218 et
1729 3173 1811 3233 porta
1821 3161 1931 3234 nepotia-

270 3258 375 3316 cleribus
391 3258 419 3313 ¹⁸¹²
434 3256 548 3313 *θΰῦῆᾶθ
563 3255 629 3312 belli>
649 3253 786 3322 immill-
808 3250 876 3306 Tim
893 3266 952 3306 lm
971 3249 1075 3305 illiciti
1128 3268 1196 3315 tores
1215 3258 1328 3324 eprimo
1343 3267 1419 3323 partu
1434 3257 1461 3313 in
1475 3256 1561 3313 urbem
1578 3258 1768 3313 transmittebat
1783 3274 1836 3314 nan
1851 3267 1931 3312 trans·

270 3351 298 3406 in
308 3367 391 3406 arcem
405 3350 593 3423 confugissent,
617 3347 719 3402 duobus
731 3343 862 3400 mensibus
877 3358 929 3400 cxx
944 3357 1020 3398 nnncs
1030 3358 1075 3397 ca·
1126 3359 1216 3405 euntes
1230 3364 1276 3421 per
1294 3347 1406 3403 naualia.
1427 3345 1492 3403 Huc
1506 3356 1561 3402 erat
1575 3347 1621 3403 illa
1634 3358 1747 3421 tempore
1772 3349 1853 3419 [acies
1869 3345 1928 3400 Car·

271 3443 421 3513 taplsractas
436 3450 646 3506 construxerunt,
659 3448 684 3494 et
698 3454 757 3493 cum
768 3435 891 3492 Cotltauis
904 3436 998 3489 ostium
1010 3449 1076 3506 prce·
1126 3444 1252 3518 cisapini„
1266 3441 1404 3498 Hactenus
1414 3439 1629 3512 vepbaippiant‚
1641 3439 1928 3512 qnaejuncrppoiyisii,

270 3536 337 3593 tldt‘v
354 3542 534 3608 matutimis
556 3530 631 3588 “illd
654 3528 778 3597 elilim·
795 3526 863 3583 lindi
882 3526 967 3582 illim
985 3525 1076 3580 Uimi
1126 3536 1193 3593 Livii
1223 3552 1256 3593 ac
1285 3534 1429 3593 Strabonis
1458 3536 1621 3592 testimoniis
1644 3537 1727 3592 situm
1755 3532 1927 3606 Carthaginis

270 3627 379 3703 mulii
398 3624 485 3682 “dili
496 3623 567 3681 ibim
579 3621 688 3693 “iiiiii
700 3617 820 3674 bilbili&
833 3618 860 3672 in
874 3625 995 3689 limidi
1008 3624 1073 3684 ‘iiis
1125 3637 1222 3688 exacte
1240 3636 1448 3710 representans
1467 3628 1524 3684 Etsi
1544 3636 1634 3684 autem
1654 3627 1804 3699 nequidem
1818 3626 1928 3684 Cartba-

270 3731 294 3777 θ’
317 3721 452 3792 [imiimi
473 3715 614 3772 miluum
633 3712 746 3788 immi
771 3710 901 3766 “stimuli
928 3718 1075 3765 iilliblssii
1126 3722 1198 3793 ginis
1219 3720 1319 3777 rudcrn
1340 3735 1413 3775 αααα
1434 3720 1595 3788 subsistant,
1619 3720 1772 3777 itta-tamen
1789 3716 1924 3791 peninsula

270 3813 342 3884 apsrs'
366 3808 484 3882 limi
502 3808 610 3864 intenta.
633 3803 762 3879 stillim
782 3813 893 3869 tanna,
924 3811 996 3857 ’ΨΜ
1015 3817 1074 3855 0⁸⁰¹
1125 3810 1634 3871 etiamnumanantisPromontarium
1646 3812 1821 3885 Carthaginis
1835 3806 1926 3882 appel·

269 3910 345 3969 essct,
361 3910 438 3974 copta
451 3909 487 3957 est
499 3907 523 3954 et
537 3898 630 3955 deleta.
646 3897 684 3953 ue
697 3894 774 3952 Utica
785 3893 992 3966 Carthaginensi
1007 3893 1075 3949 rici·
1125 3907 1207 3963 lamp,

269 4012 305 4053 na
318 3995 358 4052 sic
369 3994 466 4051 scribit
478 3992 551 4049 taem
571 3990 669 4050 Strabo
686 3989 767 4060 panio
783 3998 846 4044 ante
861 3988 948 4043 locum
959 3986 1015 4058 jam
1031 4000 1073 4042 re·
1161 3995 1377 4068 ommium„
1391 3995 1517 4067 gpcmpg
1529 4025 1565 4036 -
1575 3995 1712 4053 pfgmuge
1727 3992 1924 4066 ommium.

269 4088 382 4145 citatum
396 4106 403 4142 :
420 4083 499 4142 Utica
508 4093 534 4139 cc
545 4080 724 4156 magnitudine
738 4091 762 4137 et
776 4081 902 4152 dignitate
912 4078 1027 4135 mcunda
1036 4089 1075 4135 cst
1124 4088 1200 4146 sibus
1212 4087 1348 4158 episcopis
1362 4086 1440 4159 cuias
1452 4086 1486 4143 ad
1501 4101 1551 4141 nos
1563 4089 1694 4148 ntctnnrin
1720 4086 1873 4158 peruenerit
1883 4087 1922 4137 csl

269 4181 485 4252 accersamus:
512 4187 589 4249 naus
614 4180 663 4233 bar
687 4174 773 4231 excita
791 4184 869 4246 caput
887 4173 999 4246 resiluit
1023 4172 1074 4243 suit
1124 4180 1296 4238 bonuarios.
1325 4178 1412 4251 liujus
1437 4178 1603 4235 alentionem
1629 4178 1691 4234 lacit
1717 4178 1868 4250 Cyprianus
1880 4187 1920 4242 cp.

271 4275 450 4358 (puppianus)
465 4284 490 4332 sl
503 4273 695 4347 receptaculum
707 4268 885 4351 (ὁρμητήριον)
900 4269 1025 4326 Romania
1039 4269 1074 4324 ad
1124 4290 1195 4330 nunc
1206 4289 1284 4341 cass,
1296 4272 1329 4329 ad
1343 4272 1485 4342 Quintum,
1497 4271 1544 4327 ubi
1557 4270 1721 4342 baptismum
1732 4270 1920 4328 hnrcticormn

271 4388 313 4430 ras
325 4373 354 4427 in
367 4371 458 4442 Aprica
468 4366 603 4439 gmersdas.
629 4364 663 4421 ln
677 4366 767 4422 eodem
781 4363 841 4420 sinu
861 4365 912 4418 sita
928 4362 1006 4417 estin
1021 4376 1073 4432 spuo
1126 4365 1233 4421 irriturn
1244 4380 1306 4422 esse
1316 4363 1496 4429 contendens,
1509 4366 1546 4419 ita
1557 4362 1650 4419 iaudat
1663 4361 1805 4434 Agrippini
1817 4357 1922 4417 Cantia-

272 4465 418 4535 Carthago,
433 4462 467 4516 ad
479 4461 591 4517 alterans
603 4476 636 4515 ea
646 4457 848 4530 promontoriis,
863 4472 921 4529 quse
933 4456 1018 4513 sinum
1032 4458 1074 4529 fa-
1124 4454 1249 4527 giuensis
1266 4455 1387 4527 episcopi
1403 4469 1434 4511 aa
1451 4455 1485 4510 sla
1506 4469 1536 4510 ra
1555 4453 1715 4509 decretum:
1736 4452 1814 4520 Quod
1825 4449 1921 4524 quidem

271 4561 350 4616 dunt.
376 4556 480 4614 llorusn
500 4555 528 4611 id
546 4554 615 4621 guad
630 4557 709 4625 juata
720 4552 824 4609 Uticam
837 4561 885 4617 est,
905 4549 1073 4618 Apollonium
1087 4547 1113 4608 Ι)
1125 4557 1150 4602 ct
1160 4549 1317 4622 Agrippinas
1332 4547 1407 4603 banc
1422 4547 1552 4601 memoriae
1565 4547 1612 4612 cir,
1622 4563 1680 4602 cunt
1690 4544 1920 4616 cateriseaepiseo·

271 4662 388 4721 uocatur,
402 4650 514 4706 alterurn
527 4663 588 4704 uero
603 4644 765 4701 llosnsoeunt.
789 4642 871 4699 Urbes
882 4642 947 4712 ipso
960 4641 997 4695 ita
1012 4650 1074 4695 sunt
1127 4641 1179 4709 pis,
1199 4640 1244 4711 pai
1262 4639 1308 4695 illo
1323 4648 1438 4709 tempore
1457 4639 1484 4692 in
1504 4639 1636 4710 prouincia
1650 4638 1741 4711 Africa
1759 4650 1783 4695 ct
1801 4633 1919 4694 Nunsilia

271 4748 337 4813 sites.
358 4757 479 4802 stanam
496 4742 581 4816 possis
593 4755 625 4797 ea
637 4739 720 4794 altera
731 4752 847 4793 sunere.
866 4732 952 4805 Prope
969 4730 1073 4787 Uticam
1127 4729 1271 4787 Ecclesiam
1282 4730 1388 4787 Domini
1403 4730 1590 4805 gubernabant,
1611 4733 1700 4788 statuit
1719 4741 1743 4789 et
1760 4732 1851 4787 librmo
1863 4742 1919 4780 cors·

271 4836 395 4910 Bagrada
407 4836 503 4907 psoius
519 4834 625 4890 labitur.
644 4830 783 4902 Appianas
805 4824 959 4882 Alexander
974 4823 1022 4880 tib.
1037 4823 1072 4881 tle
1124 4826 1177 4881 silii
1188 4827 1329 4881 communis
1340 4826 1458 4880 examine
1468 4826 1589 4895 firmauit
1609 4825 1644 4881 Et
1660 4840 1705 4896 cp.
1722 4842 1817 4894 assur,
1831 4821 1863 4879 ati
1876 4817 1918 4875 lu·

270 4926 351 4986 battis
370 4927 497 4994 Punicis,
518 4932 641 4981 resistite
660 4921 819 4978 doctissimo
832 4917 1005 4990 sigismundo
1018 4916 1074 4975 Ge·
1126 4917 1264 4985 bniatnuus,
1280 4917 1306 4970 in
1322 4930 1374 4987 qua
1390 4916 1448 4972 linc
1459 4915 1496 4971 nit
1508 4933 1515 4969 ε
1528 4915 1607 4987 Apud
1629 4933 1676 4972 nos
1688 4927 1775 4973 autem
1794 4932 1843 4972 non
1857 4924 1915 4966 noca

270 5018 360 5076 ionio:
376 5017 435 5074 Sita
447 5025 503 5073 mat
512 5013 679 5087 Cartbagoin
692 5013 783 5068 insinno
794 5012 852 5068 sinu
866 5025 970 5083 stangno,
981 5010 1073 5081 penin-
1124 5014 1170 5061 aut
1189 5005 1323 5077 repentina
1342 5021 1383 5062 res
1402 5012 1458 5072 est,
1479 5014 1506 5059 ut
1525 5005 1695 5076 baptizandas
1715 5020 1861 5068 censeamus
1876 5013 1915 5055 eas

270 5112 337 5170 suite
354 5111 456 5166 similis.
475 5106 567 5167 Uerria
581 5110 650 5167 snim
663 5124 719 5166 eam
740 5106 916 5164 acontincnts
935 5104 1072 5166 separabat
1124 5101 1168 5173 qui
1188 5098 1219 5155 ab
1235 5098 1361 5156 loereticis
1379 5098 1413 5154 ad
1434 5098 1578 5154 Ecclesiam
1597 5100 1712 5168 ueniunt,
1727 5097 1829 5171 quanda
1846 5089 1912 5147 multi
2009 5097 2015 5106 ·

271 5204 388 5272 latasxr
401 5201 497 5256 stadia.
517 5201 556 5256 db
570 5217 600 5257 ea
613 5200 710 5257 ceruice
724 5197 815 5270 lingua
826 5197 946 5270 quaedam
958 5196 1070 5267 oblonga
1120 5196 1178 5266 iant
1198 5193 1260 5248 anni
1276 5202 1347 5260 sunt,
1368 5201 1392 5249 et
1407 5190 1486 5265 lampa
1500 5203 1573 5260 setas,
1594 5209 1625 5248 cc
1643 5209 1693 5264 quo
1713 5192 1760 5249 sub
1780 5186 1912 5264 agrippina

270 5292 448 5352 mmistadiurn
470 5292 541 5357 lata,
562 5291 711 5347 accurrebat
727 5306 814 5346 uersus
826 5287 990 5345 Occidentem
1003 5289 1070 5343 inter
1122 5287 1196 5345 bonae
1205 5288 1334 5344 meritoria
1343 5289 1408 5354 uiro,
1422 5288 1599 5344 conuenientes
1610 5288 1637 5341 in
1648 5304 1728 5342 unum
1738 5284 1845 5361 episcopi
1855 5277 1909 5352 plu·

270 5396 392 5460 susgnum
413 5394 437 5441 ct
457 5398 537 5450 mare,
559 5382 667 5452 rupibus
687 5382 802 5452 undique
822 5382 931 5448 rumim,
952 5390 977 5436 et
994 5393 1069 5434 usuro
1122 5381 1181 5435 riseri
1200 5378 1248 5435 lsac
1266 5380 1412 5434 statuerint.
1429 5373 1577 5435 'Scribebat
1598 5377 1658 5434 lsaec
1677 5378 1828 5450 Cyprianus
1846 5380 1909 5426 anub

270 5479 397 5551 sintpls'ce.
422 5475 518 5534 b'erstts
538 5473 673 5530 bleridiem
691 5484 714 5529 et
733 5475 914 5540 continentem,
934 5472 976 5527 ubi
992 5473 1070 5527 ctiam
1122 5473 1187 5541 254,
1207 5490 1261 5546 quo
1284 5481 1408 5543 temporo
1426 5472 1505 5544 longa
1525 5471 1581 5543 jam
1597 5482 1663 5527 actas
1682 5470 1869 5532 intercedebat,
1884 5468 1908 5516 tl

271 5572 358 5646 Bpssc
377 5580 432 5628 erat
447 5570 477 5626 in
495 5566 601 5634 ceruus,
619 5582 708 5621 murus
723 5562 817 5646 triplae
836 5572 902 5629 mat,
922 5563 992 5619 altus
1013 5577 1069 5618 sss
1123 5565 1199 5620 multi
1216 5563 1279 5621 anni
1293 5563 1377 5633 clapsi
1394 5573 1501 5620 arants
1518 5574 1619 5619 statuto
1637 5561 1777 5637 Agrippini
1790 5581 1797 5633 ;
1812 5576 1841 5619 ac
1854 5569 1907 5629 ρῐθ·

271 5667 370 5724 cubitos
380 5665 477 5737 absque
490 5658 692 5735 propugnaculis
707 5668 731 5713 et
744 5656 869 5723 curribus,
884 5672 942 5728 pute
952 5655 1070 5711 binarum
1123 5655 1186 5712 inde
1203 5654 1310 5712 videtur
1323 5654 1367 5712 ilie
1380 5670 1433 5710 non
1448 5655 1538 5719 tertio,
1554 5664 1581 5709 ut
1596 5655 1676 5727 vulga
1689 5664 1794 5726 putant,
1810 5650 1853 5709 scd
1865 5642 1907 5703 sal

269 5762 389 5834 iugerum
403 5759 495 5833 spatiis
509 5757 575 5814 inter
589 5771 616 5813 sc
628 5751 757 5811 distabant
771 5765 816 5822 pcr
833 5749 985 5817 circuitum,
1000 5747 1070 5804 nisse
1129 5745 1213 5805 iissent
1235 5748 1347 5806 secutuli
1371 5747 1500 5804 Ecclesiae
1522 5748 1613 5804 saculi
1635 5748 1792 5821 Umtlsagini
1817 5740 1911 5802 ccliiii
