4142 6175
179 259 235 316 195
633 261 666 320 ΙΝ
680 261 902 322 uunuuttttta
912 263 958 324 DE
974 267 1003 326 8.
1021 264 1161 328 ZENONZ
1179 243 1380 336 auuunlttu.
1782 288 1834 349 tet

177 408 252 454 rem,
282 403 308 445 ιιι
334 392 574 465 distingueremus,
599 393 785 453 Zenoniamrm
813 399 973 456 urnnaclrum
996 382 1122 458 Adivisa
1146 400 1257 457 ²llltlle¹
1286 393 1344 448 :in
1371 409 1422 449 ms.
1446 405 1537 454 :tutem
1567 403 1725 462 mttuialium
1755 406 1832 466 ordi-

176 482 982 556 ,ppepgpnppmoensupmug„1„012ffl2„1,20p„·g‚31
1038 475 1080 532 nis
1103 478 1131 534 8.
1160 479 1296 540 Francisci
1319 485 1345 540 in
1374 487 1504 547 lectiones
1523 507 1618 549 tuorem
1647 495 1722 564 llita,
1751 511 1779 556 et
1806 503 1832 558 iu

178 575 242 647 quis
252 587 346 632 contra
357 577 469 643 sentiat,
480 579 594 634 velimus
606 578 742 636 laborare.
755 581 797 637 dd
806 580 982 638 statuendum

177 685 247 726 rcro
263 669 344 741 lartius
365 671 485 726 auctoris
502 682 617 743 tempus,
637 672 691 726 dito
709 672 881 729 characteres
901 689 982 730 manu

179 762 296 820 ducunt.
312 761 424 820 Nostros
440 762 614 836 Imperatores
626 766 714 836 primo
727 767 878 837 appellans,
894 767 915 821 si
929 765 983 823 lle·

179 872 258 914 rorare
276 855 437 929 opusculum
457 857 576 929 scripsit,
591 868 619 912 ut
637 858 814 928 probabiliter
835 859 981 929 credimus,

180 950 283 1007 vixisse
299 965 330 1006 se
343 950 433 1020 prodit
458 965 519 1006 eum
534 949 641 1006 Verona
661 950 712 1005 sub
730 951 925 1023 imperatorum
939 951 981 1006 di·

178 1042 255 1098 tione
269 1050 381 1109 cesena
397 1056 448 1113 qua
461 1040 593 1097 subducta
608 1041 654 1097 istit
668 1042 816 1098 sublinere
830 1043 921 1099 soeeuli
930 1059 979 1098 ιιι.

179 1137 249 1194 Dein
263 1145 430 1208 postremum
446 1135 606 1191 miraculum
620 1151 745 1202 narrans,
762 1137 927 1193 mentionem
943 1136 981 1193 la·

177 1229 215 1286 eit
231 1229 336 1285 intenti
351 1227 467 1284 biantuae
491 1228 629 1299 sanguinis
649 1227 762 1294 Christi,
775 1229 820 1302 qtti
836 1229 877 1285 bis
889 1231 982 1284 iuren-

178 1333 221 1379 tus
241 1322 368 1388 traditur,
390 1323 505 1392 primum
525 1336 571 1376 an.
584 1321 648 1382 eut.
670 1331 698 1377 et
721 1337 814 1378 rursus
836 1337 882 1378 an.
897 1320 980 1378 tuta.

177 1416 249 1472 Vide
261 1414 444 1471 Dirtresmondi
458 1413 526 1469 lttst.
541 1413 618 1469 tacet.
628 1414 726 1482 blant,
742 1413 790 1470 tin.
802 1431 842 1482 ιιι,
854 1430 916 1486 pag.
930 1415 983 1472 tae

178 1519 208 1567 ct
231 1525 322 1582 seqq,
347 1515 376 1565 et
397 1523 457 1581 pag.
474 1506 528 1564 tes
551 1508 752 1579 arsenatem
775 1521 864 1564 antem
880 1510 914 1566 ad
929 1510 983 1579 pri·

177 1618 255 1658 mum
270 1611 386 1673 tempus,
408 1617 463 1672 quo
476 1599 546 1657 lorte
569 1601 598 1658 S.
616 1600 734 1658 Zenonis
756 1604 897 1660 translatio
912 1619 981 1659 non·

180 1695 247 1751 dum
261 1693 424 1765 contigerat,
440 1694 506 1749 illud
523 1694 682 1750 miraculum
698 1705 758 1766 post
775 1696 980 1753 translationem

1036 570 1146 626 totidem
1163 572 1314 631 Translatin
1327 578 1468 651 dispertita
1484 583 1583 655 legitur
1595 603 1602 640 τ
1616 589 1660 644 ulti
1677 599 1766 648 tamen
1786 595 1833 649 ad·

1035 662 1194 718 vertendum
1210 678 1262 734 cst,
1282 667 1309 722 in
1326 669 1352 725 id
1372 673 1480 742 generis
1497 674 1574 733 libris
1594 681 1696 739 omisso
1715 686 1833 744 auctoris

1037 755 1158 826 prologo,
1173 758 1217 827 orit
1232 759 1258 815 in
1273 760 1333 816 aliis
1347 778 1411 819 mss.
1431 764 1538 838 legitur,
1554 771 1622 828 vitae
1640 775 1745 833 initium
1759 778 1832 836 aliud

1035 861 1097 904 esse
1113 850 1140 905 in
1154 867 1205 908 ms.
1231 857 1398 924 monialium,
1422 860 1448 915 iu
1471 878 1521 920 ms.
1535 862 1726 941 compagnons
1747 872 1832 945 aliud,

1036 938 1100 995 illud
1119 951 1222 1012 auteur,
1237 950 1308 1032 quod
1329 960 1434 1022 prostat
1459 955 1486 1012 in
1501 972 1552 1014 nis.
1578 961 1745 1034 tironiaiiutu,
1762 967 1832 1025 idern

1034 1036 1145 1092 omnino
1161 1042 1275 1110 reperiri
1296 1048 1321 1098 in
1346 1046 1400 1103 alio
1421 1047 1581 1111 lectionario
1595 1057 1735 1129 Rririano,
1754 1065 1833 1134 cuius

1035 1131 1159 1188 mentinit
1173 1132 1264 1206 Scipio
1288 1137 1419 1207 metretas,
1436 1159 1497 1216 pag.
1514 1147 1568 1203 stu
1584 1150 1653 1207 ilist.
1675 1156 1834 1226 [tiplomati-

1034 1234 1085 1286 car,
1126 1238 1232 1282 necnon
1263 1228 1290 1284 in
1334 1231 1494 1293 lectionario
1519 1240 1697 1303 vallicellano
1728 1251 1834 1320 signato

1035 1326 1111 1367 num.
1124 1328 1164 1377 tu,
1181 1318 1251 1387 qrrod
1268 1324 1431 1381 saeculoram
1445 1331 1576 1400 scriptum
1598 1336 1780 1408 existimatur,
1794 1353 1836 1400 at·

1034 1419 1086 1474 qne
1100 1407 1126 1461 in
1140 1422 1296 1478 pervetusto
1308 1415 1467 1475 lectionario
1483 1426 1703 1498 membranaceo,
1718 1436 1790 1506 qrrod
1805 1438 1833 1494 in

1034 1496 1156 1554 archivio
1183 1504 1293 1574 capituli
1323 1507 1452 1568 Ecclesiae
1484 1514 1654 1577 tridentina
1685 1538 1831 1584 servatur:

1033 1602 1094 1657 qua
1109 1599 1198 1649 tamen
1213 1596 1262 1651 tria
1281 1597 1438 1657 lectionaria
1461 1605 1490 1662 S.
1506 1606 1625 1667 Zenonis
1647 1614 1733 1671 Vitam
1748 1633 1763 1674 a
1778 1620 1832 1677 Co·

1022 1694 1141 1751 sonato,
1164 1701 1217 1743 mm
1241 1700 1332 1746 autem
1355 1708 1371 1748 a
1391 1698 1525 1755 monacho
1539 1705 1668 1775 scriptam
1691 1712 1830 1769 eriribent.

178 1803 315 1864 patratum
331 1792 467 1861 pertinere
482 1800 608 1862 trequeat,
633 1798 662 1848 et
674 1791 763 1846 minus
789 1791 874 1846 nrnlto
887 1791 981 1848 Marna.
996 1795 1019 1855 Β
1035 1773 1110 1833 tlaoc
1125 1780 1251 1837 monaelti
1267 1784 1357 1850 Vitam
1370 1790 1464 1847 eadem
1479 1808 1494 1848 e
1515 1795 1651 1854 Corotrato
1664 1811 1831 1872 repetentem

178 1887 222 1943 clri
235 1896 314 1952 retas,
328 1884 374 1955 (tui
390 1884 506 1954 plurium
527 1886 720 1956 imperatorum
738 1884 809 1940 dona
831 1894 890 1955 post
903 1885 980 1956 Pipl-

178 1995 247 2035 uum
267 1984 297 2034 8.
312 1977 430 2033 Zenonis
451 1977 615 2033 monasterio
630 1976 727 2032 tradita
752 1985 904 2044 memorat;
925 1978 981 2048 jam

178 2075 295 2129 alteram
309 2071 447 2143 sauguinis
463 2070 644 2127 intentionem
666 2081 833 2141 postremum
848 2069 915 2125 illud
929 2071 982 2125 rni-

179 2168 303 2225 taculum
325 2174 438 2239 spectat.
461 2164 592 2234 Equidem
612 2164 683 2220 idem
710 2163 870 2220 miraculum
888 2171 983 2220 auctor

179 2275 308 2327 narrans,
326 2259 451 2315 meminit
468 2259 576 2314 erectam
597 2258 686 2322 turris,
705 2272 762 2327 puro
781 2256 982 2328 edificabatur:

179 2354 262 2425 buius
274 2362 363 2410 autern
377 2351 460 2409 turris
468 2351 594 2408 aedificari
606 2363 702 2421 coeptae
715 2357 823 2421 ternpus
837 2350 981 2422 perspicue

179 2448 262 2505 docet
281 2445 423 2517 inscriptio
447 2443 474 2499 in
496 2443 619 2514 ejusdem
643 2443 725 2498 turris
740 2442 815 2498 calce
829 2445 929 2514 posita,
955 2442 981 2497 in

181 2557 232 2612 qua
260 2556 291 2598 etl
323 2553 396 2594 anna
429 2536 499 2594 tute
522 2536 643 2591 trrctooto
671 2544 794 2604 uelatur,
821 2534 893 2607 qunti
921 2551 982 2591 eum

179 2648 225 2688 an.
244 2631 326 2699 lule,
348 2631 411 2686 dum
426 2628 515 2686 adbuc
537 2628 679 2684 aediticatio
694 2626 864 2698 procederet,
881 2627 983 2697 optime

180 2727 317 2797 congruit.
340 2724 432 2794 ltaque
451 2721 574 2778 monaclri
591 2729 657 2776 etas
672 2721 743 2776 inter
756 2720 874 2776 medium
890 2735 915 2775 m
932 2734 983 2775 sae·

179 2823 283 2884 cuium,
299 2829 326 2873 et
340 2828 405 2874 aute
417 2817 499 2872 linem
512 2830 548 2870 ιιι
561 2813 717 2894 collocanda
730 2825 781 2869 est.
793 2812 871 2880 Quod
887 2813 909 2868 si
922 2827 984 2883 pns-

181 2927 298 2971 tremum
311 2913 409 2968 saltem
425 2912 498 2992 illud⁶
505 2912 662 2968 miraculum
678 2926 712 2966 ea
727 2910 780 2965 illis
793 2909 851 2974 brit,
866 2925 927 2981 epure
940 2925 983 2967 re·

179 3009 283 3080 ligiosi,
297 3006 460 3078 quibuscum
476 3014 600 3072 steterat,
616 3006 730 3061 suismet
740 3005 826 3061 oeulis
839 3004 981 3071 viderunt;

179 3104 288 3173 eonius
300 3103 328 3156 iu
344 3101 425 3157 tinem
441 3099 535 3156 seculi
554 3099 681 3171 suipsius
701 3107 768 3154 atas
785 3097 927 3153 relerenda
942 3097 982 3152 ri-

1033 1869 1165 1926 reeutlere
1185 1873 1299 1932 nimium
1320 1889 1393 1936 esset
1408 1884 1562 1942 nrolestum.
1584 1890 1656 1947 Satis
1676 1892 1768 1966 itaque
1781 1899 1834 1958 erit

1033 1977 1155 2029 monere,
1170 1981 1231 2037 qne
1253 1972 1401 2030 monaclrus
1420 1989 1520 2047 praeter
1534 1982 1699 2042 coronatum
1721 1991 1831 2061 adjecit.

1032 2050 1092 2108 Non
1111 2053 1226 2114 Gallieni
1241 2060 1413 2132 imperatoris
1426 2070 1526 2139 solum,
1538 2074 1585 2130 sed
1597 2076 1625 2132 S.
1642 2078 1761 2153 Dionysii
1776 2083 1834 2143 tto·

1034 2147 1107 2202 mani
1119 2151 1254 2215 pontilicis
1266 2156 1348 2212 etiam
1360 2163 1527 2229 temporibus
1539 2165 1675 2227 Zenonem
1689 2172 1831 2235 florentem

1035 2238 1134 2306 prodit,
1155 2251 1183 2297 et
1206 2244 1364 2303 miraculum
1384 2252 1503 2309 reterens
1536 2274 1589 2329 otro
1610 2262 1664 2318 tttia
1679 2263 1796 2324 Gallieni
1815 2285 1833 2327 a

1034 2331 1159 2393 duntone
1175 2338 1286 2397 liberata
1302 2341 1363 2413 luit,
1383 2351 1511 2407 nonrrulla
1539 2351 1635 2412 fusiori
1658 2360 1764 2417 calamo
1785 2367 1834 2423 ad-

1034 2424 1088 2492 dit,
1104 2430 1141 2484 uti
1163 2430 1228 2488 illud
1254 2435 1334 2491 trium
1352 2439 1484 2510 piscium,
1500 2459 1567 2516 ortos
1588 2448 1617 2505 8.
1641 2450 1793 2527 Episcopus
1817 2476 1833 2517 e

1035 2518 1164 2588 piscando
1183 2524 1278 2592 redux,
1302 2529 1398 2601 legatis
1413 2535 1447 2589 ab
1467 2536 1633 2607 imperatore
1647 2545 1738 2602 missis
1759 2548 1833 2608 dono

1034 2607 1120 2677 dedit,
1141 2622 1170 2669 et
1184 2622 1270 2686 quarti
1285 2634 1333 2689 per
1348 2622 1459 2679 eosdem
1474 2629 1584 2693 sublati.
1599 2635 1644 2704 qui
1664 2651 1726 2693 eum
1749 2652 1832 2699 cate·

1035 2703 1073 2759 ris
1088 2708 1166 2775 coqui
1182 2724 1235 2764 tion
1254 2713 1351 2781 potnit.
1365 2714 1499 2774 llortuum
1514 2721 1597 2779 ssrrriu
1612 2727 1755 2800 abreptum
1769 2733 1833 2791 vitae

1035 2794 1169 2854 redditum
1187 2813 1329 2870 memorat,
1346 2807 1422 2878 cujus
1437 2811 1572 2882 miraculi,
1589 2835 1603 2870 a
1618 2815 1754 2879 Coronato
1770 2823 1834 2883 licet

1036 2893 1225 2962 praetermissi,
1251 2898 1433 2956 testimonium
1450 2903 1554 2973 prolert
1579 2910 1738 2983 dntrnymus
1757 2914 1833 2988 Pipi·

1036 2987 1144 3051 nianus,
1169 2997 1199 3041 ut
1217 3003 1266 3044 aas
1291 3005 1325 3046 ex
1347 2991 1453 3050 duobus
1476 3013 1542 3054 mss.
1570 3004 1748 3063 restituimus.
1764 3009 1832 3068 Tum

1035 3074 1163 3135 Sanctum
1186 3080 1290 3167 imluncit
1311 3085 1485 3158 loquentem,
1508 3092 1645 3169 descripto
1670 3117 1719 3169 pro
1745 3106 1833 3174 prima

178 3197 271 3254 deum
287 3194 352 3251 Haec
367 3194 477 3266 quidem
490 3194 545 3250 duo
560 3191 686 3250 monachi
701 3193 832 3264 opuscula
847 3180 1018 3261 descriptaC
1035 3172 1166 3230 concione
1180 3184 1237 3231 toto
1251 3187 1366 3235 tractatu
1376 3182 1422 3250 52,
1434 3183 1481 3241 lib.
1496 3201 1526 3254 ιι,
1541 3198 1568 3243 et
1578 3192 1727 3263 lragmento
1737 3208 1835 3257 tracta·

179 3293 308 3364 leguntur
321 3306 372 3346 ms.
388 3289 549 3346 lectionario
569 3288 661 3343 seculi
680 3302 729 3351 ιιι,
744 3284 816 3356 quod
839 3284 982 3340 Rartlrulo-

178 3400 267 3440 maeus
280 3381 465 3453 campagnola
479 3380 509 3437 S.
529 3379 644 3435 Caecilia
658 3376 880 3450 archipresbyter
892 3375 980 3448 possi·

179 3479 236 3534 det.
251 3475 330 3543 Quod
348 3477 370 3529 si
387 3474 462 3530 Zeno
474 3473 522 3528 illc
544 3471 705 3544 praepositus
725 3470 893 3535 monasterii,
908 3484 984 3538 onem

179 3571 211 3625 oi
225 3568 362 3642 religionis
375 3575 399 3621 rt
413 3565 548 3637 sapientire
559 3565 676 3618 meritum
692 3561 858 3619 Sutortronem
871 3560 984 3633 ugnortti·

180 3664 276 3719 nobum
290 3662 332 3735 (ut
343 3660 370 3716 in
384 3674 469 3715 trnoe
487 3657 623 3713 miraculis
638 3654 771 3728 proditur)
787 3664 829 3712 est
842 3654 887 3710 ille
901 3654 981 3711 Salo·

181 3773 258 3823 mon,
270 3756 318 3828 qui
332 3761 499 3810 memoratur
514 3752 542 3807 iu
556 3750 734 3822 inscriptione
754 3747 872 3805 basilica¹
886 3747 915 3804 S.
933 3745 984 3802 Ze-

182 3850 263 3904 nonis
274 3847 381 3918 sculpta
394 3863 439 3901 an.
452 3842 533 3911 ttttt,
546 3857 577 3898 ao
588 3843 640 3898 sito
655 3843 681 3896 in
695 3841 807 3913 pariete,
822 3838 984 3910 ubiiusigne

183 3958 230 3999 ras
243 3938 471 4014 prophpretieum
488 3946 630 4002 serratum
646 3936 758 4006 sequior
777 3933 916 4004 aliquanto
932 3932 984 3988 bu-

178 4035 225 4106 jus
246 4032 375 4091 monaclti
397 4040 464 4087 atas
478 4029 635 4086 collocanda
657 4037 740 4086 esset.
756 4028 792 4084 tlt
812 4027 882 4082 alius
904 4025 985 4083 aZc-

183 4145 256 4185 none
270 4126 420 4200 praeposito
434 4124 479 4180 laic
491 4110 619 4179 Salomon
635 4128 810 4191 essopotes13
827 4129 853 4174 et
869 4119 891 4173 si
904 4118 929 4174 iu
940 4133 984 4174 or-

183 4220 276 4277 dinem
290 4232 445 4290 temporum
461 4214 592 4272 miracula
602 4214 636 4269 ab
656 4221 767 4269 auctnre
781 4211 885 4282 prodita
908 4219 981 4279 sunt,

183 4317 258 4373 Zeno
275 4314 405 4373 Salonrmt
427 4313 460 4368 ab
482 4311 533 4366 boc
556 4318 733 4374 memoratus,
755 4314 818 4363 ante
838 4321 882 4361 an.
899 4306 981 4375 tute,

184 4426 245 4467 cum
270 4409 387 4465 flarrtuae
408 4403 508 4462 Christi
529 4400 639 4473 sanguis
662 4401 788 4456 inventus
811 4409 864 4465 cst,
880 4409 984 4469 posue«

184 4519 314 4573 mutaque
333 4502 443 4557 Zcuorre
465 4495 650 4553 intercedente
675 4490 833 4548 miraculum
857 4491 982 4561 ctrrrtigit,

1037 3275 1080 3320 tus
1092 3266 1128 3321 11
1149 3267 1272 3339 ejusdem
1296 3271 1369 3341 libri,
1394 3290 1443 3347 pro
1463 3282 1582 3337 secunda
1606 3295 1697 3343 autem
1713 3290 1791 3356 initio
1806 3302 1834 3349 et

1035 3357 1090 3415 tine
1104 3369 1234 3420 tractatus
1253 3364 1270 3420 tt
1286 3366 1332 3421 lib.
1351 3384 1368 3422 ι.
1386 3369 1506 3428 Tandem
1522 3377 1605 3433 multa
1626 3381 1678 3439 sub
1691 3383 1753 3440 rite
1773 3388 1833 3442 eri·

1036 3458 1092 3505 tum
1105 3453 1140 3508 ab
1152 3467 1186 3510 eo
1196 3454 1230 3509 ad
1244 3472 1308 3512 suns
1321 3458 1391 3515 dicta
1404 3460 1463 3533 inse
1474 3479 1681 3539 commemorat,
1695 3475 1835 3535 eumdem·

1035 3561 1099 3635 rpite,
1111 3562 1189 3617 quiem
1204 3548 1327 3608 Gallieno
1337 3570 1482 3625 supparem
1498 3560 1571 3627 iecit,
1583 3563 1686 3625 abiisse
1700 3570 1790 3639 prodit
1799 3554 1835 3631 ea'

1036 3637 1155 3696 editione
1169 3640 1309 3727 Maiitriana
1334 3649 1419 3718 pridie
1437 3648 1503 3707 idua
1524 3654 1623 3727 Aprilis
1644 3675 1713 3717 onno
1728 3661 1835 3721 Dantini

1035 3735 1210 3789 tercentesimo
1224 3737 1329 3805 primo;
1347 3757 1407 3811 ouae
1427 3752 1516 3802 tamen
1537 3751 1600 3805 anni
1614 3756 1754 3812 annotatio
1771 3772 1833 3815 curn

1035 3823 1062 3878 in
1078 3825 1172 3883 codice
1185 3827 1374 3889 Brrtlrolomaei
1390 3833 1578 3910 Compagnolae
1594 3859 1698 3903 necnon
1723 3849 1751 3904 ln
1775 3850 1834 3907 llu-

1036 3916 1150 3987 selliano
1163 3919 1245 3987 desit,
1259 3921 1286 3978 in
1297 3922 1454 3997 Pompeiani
1468 3940 1557 3988 autem
1577 3939 1698 4009 margine
1710 3943 1834 4012 apposita

1038 4011 1179 4078 posteriori
1195 4029 1275 4070 manu
1291 4016 1407 4088 legatur,
1432 4036 1493 4078 eam
1508 4041 1561 4079 non
1576 4028 1611 4084 ab
1625 4027 1686 4100 ipso
1700 4036 1835 4091 monacile

1032 4109 1148 4173 ⁴anctore
1162 4108 1301 4178 scriptam,
1319 4112 1412 4169 seder
1427 4118 1549 4188 margine
1564 4120 1591 4177 iu
1608 4129 1714 4181 turtum
1729 4128 1836 4200 aliqtto-

1038 4213 1096 4253 rum
1111 4214 1175 4255 mss.
1193 4201 1336 4273 irrepsisse
1350 4209 1416 4263 satis
1430 4211 1560 4268 credibile
1570 4224 1622 4277 est.
1638 4219 1678 4273 uti
1695 4219 1792 4292 legitur
1806 4223 1834 4281 in

1036 4303 1070 4345 eo
1083 4306 1136 4362 orto
1150 4290 1272 4350 mareins
1286 4305 1329 4352 est
1350 4314 1426 4367 usus,
1451 4317 1556 4360 necnon
1569 4306 1595 4361 iu
1614 4306 1743 4366 Vaticano
1753 4314 1834 4371 1155.

1037 4383 1087 4439 llic
1109 4400 1175 4441 nero
1192 4398 1325 4445 annotare
1349 4393 1438 4449 obiter
1462 4394 1538 4464 libet,
1563 4399 1633 4468 qrtod
1652 4401 1676 4456 si
1698 4405 1780 4460 etiam
1800 4407 1836 4465 ab

1037 4478 1097 4535 aliis
1111 4477 1169 4535 lraec
1182 4484 1322 4539 annotatio
1339 4486 1445 4553 adjecta
1461 4488 1523 4557 luit,
1537 4499 1566 4548 ut
1574 4495 1747 4562 probabilius
1760 4499 1836 4558 vitle-
1911 4518 1918 4530 ·

184 4597 278 4653 mm
288 4591 390 4650 debuit·
407 4589 461 4647 Sed
482 4588 517 4645 de
530 4585 656 4643 monachi
669 4592 748 4639 πω,
763 4582 840 4638 satis.
857 4581 983 4637 aranga.
997 4585 1025 4647 Ι)
1039 4580 1091 4640 tur,
1105 4583 1132 4628 et
1146 4573 1172 4628 in
1184 4574 1246 4629 aliis
1258 4576 1340 4632 etiam
1351 4577 1466 4635 aliorum
1477 4581 1613 4640 irrierioris
1628 4589 1715 4645 etatis
1726 4591 1836 4663 quidem

186 4691 269 4748 tionis
290 4687 410 4745 bistoriae
432 4696 526 4740 auctor
544 4683 626 4738 vitam
649 4680 678 4736 S.
699 4676 818 4733 Zenertis
842 4677 983 4748 praemisit,

186 4799 247 4854 gne
258 4796 274 4837 e
284 4778 422 4836 coronato
431 4773 577 4832 Notariuin
591 4778 694 4843 partem
707 4770 854 4825 maximam
865 4774 984 4838 surnpta,

186 4876 214 4928 iu
230 4888 297 4928 mss.
316 4870 346 4928 S.
362 4868 491 4935 Zenonis,
506 4875 534 4922 et
543 4866 571 4921 in
581 4864 668 4919 satoris
682 4861 779 4918 olllciis
790 4876 838 4931 pro
857 4859 986 4916 Coronati

189 4965 251 5021 lita
263 4965 350 5021 locum
365 4962 423 5019 lere
446 4958 597 5029 occuparit.
613 4956 722 5025 Legitur
736 4954 839 5011 scilieet
852 4953 945 5009 multis
960 4954 986 5008 in

188 5074 255 5113 mss.
273 5067 484 5129 postserrnnnes
495 5047 597 5126 [curru]
613 5048 643 5105 S.
657 5046 775 5103 Zenonis
790 5047 817 5101 in
829 5045 988 5102 Tolentinu-

191 5160 226 5219 te,
236 5149 404 5210 Zetrnniano,
414 5144 591 5215 Pompeiano,
603 5152 635 5197 ae
646 5141 672 5195 in
686 5139 790 5195 duobus
800 5138 864 5194 item
878 5136 984 5193 Vatiae·

191 5246 234 5301 nis
248 5222 450 5309 1155011151,
464 5253 578 5311 otiorum
592 5235 714 5315 notitiam
730 5247 817 5303 nuper
830 5231 985 5297 babuimus,

191 5352 222 5393 ac
236 5347 365 5407 praterea
381 5334 409 5389 in
423 5349 488 5389 mss.
498 5331 609 5387 alterius
621 5342 729 5401 genens
744 5323 912 5390 lluselliann,
927 5320 987 5379 Sai-

191 5432 309 5496 banteo,
331 5428 494 5494 bladeiano,
520 5434 569 5493 et,
594 5434 622 5479 ut
650 5422 789 5477 mittamus
809 5418 879 5475 alius
911 5417 988 5473 eodi-

190 5543 247 5594 (ιω,
265 5529 291 5581 in
305 5522 464 5581 lectionario
481 5516 672 5577 Bartltolomtei
685 5512 885 5585 campagnola,
907 5525 938 5566 ao
959 5510 987 5566 in

191 5621 278 5675 altero
308 5617 464 5674 monialium
501 5613 531 5669 S.
562 5610 654 5667 Mariae
681 5607 725 5664 de.
752 5620 848 5676 campo
881 5604 986 5659 llartio.

191 5711 392 5769 inlectiouariu
406 5706 607 5779 Caturpagnolm,
627 5717 687 5758 cum
710 5699 744 5756 ad
759 5698 907 5770 marginem
929 5707 991 5752 octo

190 5806 298 5868 numeri
319 5803 434 5877 appositi
461 5807 618 5865 cernantur,
641 5796 699 5855 Vita
728 5796 754 5851 in
772 5803 834 5851 octo
861 5792 991 5851 lectiones

1036 4672 1177 4720 auctorum
1190 4666 1329 4725 codicibus
1338 4685 1399 4726 eam
1406 4687 1456 4727 nos
1467 4673 1563 4744 legisse
1570 4682 1742 4737 meminimus
1751 4685 1800 4753 (uti
1809 4685 1836 4742 in

1037 4770 1121 4825 opere
1134 4775 1186 4814 ms.
1209 4759 1353 4819 Saibanteo
1373 4764 1436 4832 658,
1454 4768 1526 4835 cuod
1540 4768 1646 4827 Blasius
1659 4773 1790 4834 Rossetus
1805 4779 1838 4835 de

1039 4849 1175 4922 Episcopia
1191 4852 1383 4914 Veronensibus
1397 4858 1430 4913 ad
1446 4858 1557 4917 Petrum
1577 4861 1774 4937 Lippomanum
1795 4872 1839 4929 in-

1039 4945 1158 5016 scripsit,
1174 4947 1218 5002 ubi
1242 4950 1269 5005 in
1293 4950 1405 5008 Zenone
1430 4952 1489 5011 brec
1509 4954 1612 5013 habet:
1629 4959 1700 5017 Obiit
1721 4970 1839 5038 egregiae

1040 5037 1156 5108 pontitee
1169 5048 1194 5093 et
1208 5050 1280 5110 peter
1294 5045 1385 5111 patriae
1399 5045 1441 5099 die
1455 5047 1565 5115 sabboti,
1582 5053 1667 5121 pridie
1678 5052 1744 5112 taos
1760 5062 1839 5131 Apri·

1040 5126 1071 5183 tir
1083 5145 1151 5184 anno
1166 5130 1295 5188 actaeon
1307 5145 1368 5190 noto
1378 5152 1447 5204 ccct,
1460 5150 1488 5196 et
1498 5142 1626 5201 similiter
1646 5147 1673 5204 in
1685 5152 1838 5225 antiquiore

1039 5237 1091 5275 ms.
1106 5225 1264 5281 monasterii
1280 5225 1309 5283 8.
1327 5226 1444 5286 Zenonis
1459 5231 1560 5305 scripto
1579 5238 1650 5294 circa
1665 5242 1784 5299 medium
1802 5262 1839 5302 xv

1039 5317 1182 5384 secutum,
1199 5317 1225 5374 in
1238 5321 1362 5393 catalogo
1376 5323 1425 5381 88.
1438 5326 1627 5404 episcoporum
1640 5332 1837 5397 veronensium

1041 5411 1099 5468 traec
1120 5413 1232 5469 alterius
1254 5415 1412 5484 posterioris
1438 5434 1534 5477 mantis
1557 5428 1696 5482 annotatio
1721 5430 1837 5503 legitur:

1043 5503 1157 5560 Moritur
1176 5523 1220 5560 on.
1245 5506 1309 5575 aet,
1324 5513 1398 5583 cujus
1412 5527 1505 5585 corpur
1519 5517 1654 5587 requiescit
1677 5521 1703 5575 t'rt
1717 5539 1758 5590 eo,
1784 5541 1838 5583 nun

1043 5598 1154 5654 omnino
1168 5610 1296 5657 constans
1312 5602 1392 5673 igitur
1412 5608 1517 5663 exstitit
1531 5608 1564 5666 de
1577 5621 1657 5668 aetate
1671 5615 1700 5671 8.
1722 5616 1840 5676 Zenonis

1044 5691 1159 5748 Gallieni
1181 5692 1322 5764 imperium
1347 5697 1504 5769 attingentis
1532 5704 1683 5769 sententia,
1705 5709 1769 5776 quin
1793 5712 1841 5772 alii

1045 5786 1123 5843 alitor
1132 5788 1277 5845 senserint.
1302 5788 1368 5846 lline
1381 5791 1462 5847 etitem
1479 5793 1506 5848 in
1522 5809 1574 5851 ms.
1594 5796 1770 5861 Bibliothecae
1782 5804 1843 5870 Mtt-
