<?xml version="1.0" encoding="UTF-8"?>
<!DOCTYPE html PUBLIC "-//W3C//DTD XHTML 1.0 Transitional//EN"
    "http://www.w3.org/TR/xhtml1/DTD/xhtml1-transitional.dtd">
<html xmlns="http://www.w3.org/1999/xhtml" xml:lang="en" lang="en">
 <head>
  <title>
</title>
<meta http-equiv="Content-Type" content="text/html;charset=utf-8" />
  <meta name='ocr-system' content='tesseract 3.04.00' />
  <meta name='ocr-capabilities' content='ocr_page ocr_carea ocr_par ocr_line ocrx_word'/>
</head>
<body>
  <div class='ocr_page' id='page_1' title='image "./patrologiaecurs185unkngoog/patrologiaecurs185unkngoog_0488.png"; bbox 0 0 4142 6175; ppageno 0'>
   <div class='ocr_carea' id='block_1_1' title="bbox 317 214 1944 286">
    <p class='ocr_par' dir='ltr' id='par_1_1' title="bbox 317 214 1944 286">
     <span class='ocr_line' id='line_1_1' title="bbox 317 214 1944 286; baseline -0.007 -5"><span class='ocrx_word' id='word_1_1' title='bbox 317 222 369 281; x_wconf 81' lang='lat' dir='ltr'>eet</span> <span class='ocrx_word' id='word_1_2' title='bbox 903 214 1027 274; x_wconf 77' lang='lat' dir='ltr'>seheri</span> <span class='ocrx_word' id='word_1_3' title='bbox 1046 215 1173 274; x_wconf 77' lang='lat' dir='ltr'>errari</span> <span class='ocrx_word' id='word_1_4' title='bbox 1194 215 1346 275; x_wconf 67' lang='lat' dir='ltr'>episcopt</span> <span class='ocrx_word' id='word_1_5' title='bbox 1896 224 1944 286; x_wconf 67' lang='lat' dir='ltr'>m</span> 
     </span>
    </p>
   </div>
   <div class='ocr_carea' id='block_1_2' title="bbox 313 329 1947 501">
    <p class='ocr_par' dir='ltr' id='par_1_2' title="bbox 313 329 1947 501">
     <span class='ocr_line' id='line_1_2' title="bbox 313 329 1946 405; baseline -0.008 -11"><span class='ocrx_word' id='word_1_6' title='bbox 313 335 416 396; x_wconf 90' lang='lat' dir='ltr'>erroris</span> <span class='ocrx_word' id='word_1_7' title='bbox 426 334 575 391; x_wconf 88' lang='lat' dir='ltr'>libertatem</span> <span class='ocrx_word' id='word_1_8' title='bbox 588 332 685 388; x_wconf 87' lang='lat' dir='ltr'>iactam</span> <span class='ocrx_word' id='word_1_9' title='bbox 696 344 756 388; x_wconf 90' lang='lat' dir='ltr'>csse</span> <span class='ocrx_word' id='word_1_10' title='bbox 768 329 910 401; x_wconf 77' lang='lat' dir='ltr'>contigerit</span> <span class='ocrx_word' id='word_1_11' title='bbox 921 340 946 385; x_wconf 74' lang='grc' dir='ltr'>ι.</span> <span class='ocrx_word' id='word_1_12' title='bbox 960 329 1149 393; x_wconf 78' lang='lat' dir='ltr'>liecenseteA</span> <span class='ocrx_word' id='word_1_13' title='bbox 1196 331 1266 388; x_wconf 82' lang='lat' dir='ltr'>xli.</span> <span class='ocrx_word' id='word_1_14' title='bbox 1286 329 1387 387; x_wconf 75' lang='lat' dir='ltr'>lationi</span> <span class='ocrx_word' id='word_1_15' title='bbox 1407 330 1517 388; x_wconf 83' lang='lat' dir='ltr'>edietnrn</span> <span class='ocrx_word' id='word_1_16' title='bbox 1538 332 1565 387; x_wconf 90' lang='lat' dir='ltr'>in</span> <span class='ocrx_word' id='word_1_17' title='bbox 1585 332 1699 405; x_wconf 75' lang='lat' dir='ltr'>erotioan</span> <span class='ocrx_word' id='word_1_18' title='bbox 1708 329 1946 393; x_wconf 66' lang='lat' dir='ltr'>Donatum,-</span> 
     </span>
     <span class='ocr_line' id='line_1_3' title="bbox 315 421 1947 501; baseline 0 -16"><span class='ocrx_word' id='word_1_19' title='bbox 315 438 449 500; x_wconf 88' lang='lat' dir='ltr'>tempora,</span> <span class='ocrx_word' id='word_1_20' title='bbox 462 422 717 482; x_wconf 88' lang='lat' dir='ltr'>discutiterationes</span> <span class='ocrx_word' id='word_1_21' title='bbox 732 438 832 488; x_wconf 91' lang='lat' dir='ltr'>rerum,</span> <span class='ocrx_word' id='word_1_22' title='bbox 845 421 985 478; x_wconf 79' lang='lat' dir='ltr'>dissimilia</span> <span class='ocrx_word' id='word_1_23' title='bbox 998 431 1061 477; x_wconf 85' lang='lat' dir='ltr'>reta</span> <span class='ocrx_word' id='word_1_24' title='bbox 1084 429 1112 478; x_wconf 88' lang='lat' dir='ltr'>et</span> <span class='ocrx_word' id='word_1_25' title='bbox 1163 423 1277 491; x_wconf 82' lang='lat' dir='ltr'>Deinde,</span> <span class='ocrx_word' id='word_1_26' title='bbox 1289 434 1318 479; x_wconf 94' lang='grc' dir='ltr'>ιιι</span> <span class='ocrx_word' id='word_1_27' title='bbox 1332 423 1409 481; x_wconf 91' lang='lat' dir='ltr'>nobis</span> <span class='ocrx_word' id='word_1_28' title='bbox 1422 434 1515 481; x_wconf 89' lang='lat' dir='ltr'>netum</span> <span class='ocrx_word' id='word_1_29' title='bbox 1530 435 1583 492; x_wconf 90' lang='lat' dir='ltr'>est,</span> <span class='ocrx_word' id='word_1_30' title='bbox 1599 435 1710 482; x_wconf 90' lang='lat' dir='ltr'>secutus</span> <span class='ocrx_word' id='word_1_31' title='bbox 1724 423 1786 497; x_wconf 73' lang='lat' dir='ltr'>(bl)</span> <span class='ocrx_word' id='word_1_32' title='bbox 1798 425 1864 483; x_wconf 87' lang='lat' dir='ltr'>alius</span> <span class='ocrx_word' id='word_1_33' title='bbox 1874 428 1947 501; x_wconf 89' lang='lat' dir='ltr'>impe·</span> 
     </span>
    </p>
   </div>
   <div class='ocr_carea' id='block_1_3' title="bbox 214 512 1947 594">
    <p class='ocr_par' dir='ltr' id='par_1_3' title="bbox 214 512 1947 594">
     <span class='ocr_line' id='line_1_4' title="bbox 214 512 1947 594; baseline -0.007 -17"><span class='ocrx_word' id='word_1_34' title='bbox 214 568 220 581; x_wconf 83' lang='lat'><em>‚</em></span> <span class='ocrx_word' id='word_1_35' title='bbox 313 533 445 594; x_wconf 89' lang='lat' dir='ltr'>personas</span> <span class='ocrx_word' id='word_1_36' title='bbox 468 517 588 573; x_wconf 84' lang='lat' dir='ltr'>diversas</span> <span class='ocrx_word' id='word_1_37' title='bbox 609 514 750 570; x_wconf 90' lang='lat' dir='ltr'>attendite.</span> <span class='ocrx_word' id='word_1_38' title='bbox 775 512 879 570; x_wconf 77' lang='lat' dir='ltr'><strong>Redeat</strong></span> <span class='ocrx_word' id='word_1_39' title='bbox 902 513 928 569; x_wconf 91' lang='lat' dir='ltr'>in</span> <span class='ocrx_word' id='word_1_40' title='bbox 952 513 1110 569; x_wconf 78' lang='lat' dir='ltr'>memoriam</span> <span class='ocrx_word' id='word_1_41' title='bbox 1162 525 1236 574; x_wconf 89' lang='lat' dir='ltr'>rator</span> <span class='ocrx_word' id='word_1_42' title='bbox 1250 516 1321 589; x_wconf 75' lang='grc'>(55),</span> <span class='ocrx_word' id='word_1_43' title='bbox 1337 516 1476 575; x_wconf 83' lang='lat' dir='ltr'>vobiscum</span> <span class='ocrx_word' id='word_1_44' title='bbox 1489 528 1551 574; x_wconf 83' lang='lat' dir='ltr'>vota</span> <span class='ocrx_word' id='word_1_45' title='bbox 1562 518 1671 574; x_wconf 91' lang='lat' dir='ltr'>sinistra</span> <span class='ocrx_word' id='word_1_46' title='bbox 1686 518 1857 589; x_wconf 77' lang='lat' dir='ltr'>concipiens,</span> <span class='ocrx_word' id='word_1_47' title='bbox 1870 536 1901 576; x_wconf 70' lang='lat' dir='ltr'>ex</span> <span class='ocrx_word' id='word_1_48' title='bbox 1912 522 1947 578; x_wconf 55' lang='grc' dir='ltr'>(ῃ.</span> 
     </span>
    </p>
   </div>
   <div class='ocr_carea' id='block_1_4' title="bbox 310 603 1989 2530">
    <p class='ocr_par' dir='ltr' id='par_1_4' title="bbox 311 603 1950 1422">
     <span class='ocr_line' id='line_1_5' title="bbox 316 603 1947 680; baseline -0.001 -12"><span class='ocrx_word' id='word_1_49' title='bbox 316 609 508 669; x_wconf 81' lang='lat' dir='ltr'>Cerretantiuus</span> <span class='ocrx_word' id='word_1_50' title='bbox 522 608 670 679; x_wconf 89' lang='lat' dir='ltr'>imperator</span> <span class='ocrx_word' id='word_1_51' title='bbox 685 606 743 679; x_wconf 75' lang='grc'>(50)</span> <span class='ocrx_word' id='word_1_52' title='bbox 762 604 931 663; x_wconf 85' lang='lat' dir='ltr'>Christianus</span> <span class='ocrx_word' id='word_1_53' title='bbox 946 622 953 659; x_wconf 90' lang='lat'>:</span> <span class='ocrx_word' id='word_1_54' title='bbox 970 619 1049 676; x_wconf 74' lang='lat' dir='ltr'>quiem</span> <span class='ocrx_word' id='word_1_55' title='bbox 1072 603 1112 658; x_wconf 85' lang='lat' dir='ltr'>ia·</span> <span class='ocrx_word' id='word_1_56' title='bbox 1162 608 1236 664; x_wconf 89' lang='lat' dir='ltr'>mrrlo</span> <span class='ocrx_word' id='word_1_57' title='bbox 1250 608 1297 663; x_wconf 84' lang='lat' dir='ltr'>[lei</span> <span class='ocrx_word' id='word_1_58' title='bbox 1314 607 1401 664; x_wconf 87' lang='lat' dir='ltr'>lactus</span> <span class='ocrx_word' id='word_1_59' title='bbox 1422 617 1464 664; x_wconf 88' lang='lat' dir='ltr'>est</span> <span class='ocrx_word' id='word_1_60' title='bbox 1485 609 1608 665; x_wconf 76' lang='lat' dir='ltr'>minister</span> <span class='ocrx_word' id='word_1_61' title='bbox 1623 608 1745 678; x_wconf 88' lang='lat' dir='ltr'>inimici,</span> <span class='ocrx_word' id='word_1_62' title='bbox 1761 618 1904 680; x_wconf 82' lang='lat' dir='ltr'>apostatam</span> <span class='ocrx_word' id='word_1_63' title='bbox 1921 629 1947 672; x_wconf 90' lang='lat' dir='ltr'>se</span> 
     </span>
     <span class='ocr_line' id='line_1_6' title="bbox 315 697 1946 775; baseline 0 -15"><span class='ocrx_word' id='word_1_64' title='bbox 315 702 446 760; x_wconf 86' lang='lat' dir='ltr'>mularum</span> <span class='ocrx_word' id='word_1_65' title='bbox 460 700 614 758; x_wconf 79' lang='lat' dir='ltr'>exhibuerit</span> <span class='ocrx_word' id='word_1_66' title='bbox 631 699 699 765; x_wconf 87' lang='lat' dir='ltr'>Deo,</span> <span class='ocrx_word' id='word_1_67' title='bbox 712 714 771 769; x_wconf 75' lang='lat' dir='ltr'>euru</span> <span class='ocrx_word' id='word_1_68' title='bbox 791 698 914 753; x_wconf 89' lang='lat' dir='ltr'>habuerit</span> <span class='ocrx_word' id='word_1_69' title='bbox 927 707 1007 763; x_wconf 88' lang='lat' dir='ltr'>rota,</span> <span class='ocrx_word' id='word_1_70' title='bbox 1021 707 1051 752; x_wconf 92' lang='lat' dir='ltr'>ut</span> <span class='ocrx_word' id='word_1_71' title='bbox 1066 710 1110 752; x_wconf 91' lang='lat' dir='ltr'>re·</span> <span class='ocrx_word' id='word_1_72' title='bbox 1162 703 1259 758; x_wconf 80' lang='lat' dir='ltr'>edictis</span> <span class='ocrx_word' id='word_1_73' title='bbox 1272 702 1327 757; x_wconf 89' lang='lat' dir='ltr'>suis</span> <span class='ocrx_word' id='word_1_74' title='bbox 1342 697 1356 738; x_wconf 81' lang='lat'>¹¹</span> <span class='ocrx_word' id='word_1_75' title='bbox 1372 711 1485 758; x_wconf 77' lang='grc' dir='ltr'>ιιιιιιιιι</span> <span class='ocrx_word' id='word_1_76' title='bbox 1499 712 1540 758; x_wconf 90' lang='lat' dir='ltr'>cst</span> <span class='ocrx_word' id='word_1_77' title='bbox 1556 719 1564 757; x_wconf 74' lang='grc' dir='ltr'>ε</span> <span class='ocrx_word' id='word_1_78' title='bbox 1578 717 1659 774; x_wconf 83' lang='lat' dir='ltr'>quem</span> <span class='ocrx_word' id='word_1_79' title='bbox 1684 702 1813 774; x_wconf 89' lang='lat' dir='ltr'>precihus</span> <span class='ocrx_word' id='word_1_80' title='bbox 1832 704 1946 775; x_wconf 65' lang='lat' dir='ltr'>maestis,</span> 
     </span>
     <span class='ocr_line' id='line_1_7' title="bbox 312 788 1950 866; baseline -0.002 -12"><span class='ocrx_word' id='word_1_81' title='bbox 312 796 394 854; x_wconf 87' lang='lat' dir='ltr'>metis</span> <span class='ocrx_word' id='word_1_82' title='bbox 409 794 601 851; x_wconf 75' lang='lat' dir='ltr'>schismatibus</span> <span class='ocrx_word' id='word_1_83' title='bbox 623 793 693 849; x_wconf 90' lang='lat' dir='ltr'>iuter</span> <span class='ocrx_word' id='word_1_84' title='bbox 709 799 815 848; x_wconf 84' lang='lat' dir='ltr'>irrortna</span> <span class='ocrx_word' id='word_1_85' title='bbox 841 791 915 847; x_wconf 89' lang='lat' dir='ltr'>omrri</span> <span class='ocrx_word' id='word_1_86' title='bbox 928 791 1110 859; x_wconf 78' lang='lat' dir='ltr'>dissensione,</span> <span class='ocrx_word' id='word_1_87' title='bbox 1163 805 1193 848; x_wconf 93' lang='lat' dir='ltr'>ut</span> <span class='ocrx_word' id='word_1_88' title='bbox 1206 793 1304 850; x_wconf 86' lang='lat' dir='ltr'>rererti</span> <span class='ocrx_word' id='word_1_89' title='bbox 1321 796 1455 862; x_wconf 86' lang='lat' dir='ltr'>possetis:</span> <span class='ocrx_word' id='word_1_90' title='bbox 1471 809 1538 862; x_wconf 83' lang='lat' dir='ltr'>enas</span> <span class='ocrx_word' id='word_1_91' title='bbox 1554 809 1665 864; x_wconf 92' lang='lat' dir='ltr'>preces,</span> <span class='ocrx_word' id='word_1_92' title='bbox 1688 795 1712 849; x_wconf 90' lang='lat' dir='ltr'>si</span> <span class='ocrx_word' id='word_1_93' title='bbox 1725 809 1776 848; x_wconf 82' lang='lat' dir='ltr'>ros</span> <span class='ocrx_word' id='word_1_94' title='bbox 1799 795 1897 866; x_wconf 66' lang='lat' dir='ltr'>negatis</span> <span class='ocrx_word' id='word_1_95' title='bbox 1907 788 1950 854; x_wconf 80' lang='lat' dir='ltr'>mi&#39;</span> 
     </span>
     <span class='ocr_line' id='line_1_8' title="bbox 313 881 1947 962; baseline -0.001 -17"><span class='ocrx_word' id='word_1_96' title='bbox 313 887 371 962; x_wconf 73' lang='grc' dir='ltr'>(δι)</span> <span class='ocrx_word' id='word_1_97' title='bbox 384 887 435 945; x_wconf 89' lang='lat' dir='ltr'>sub</span> <span class='ocrx_word' id='word_1_98' title='bbox 447 895 506 944; x_wconf 90' lang='lat' dir='ltr'>toto</span> <span class='ocrx_word' id='word_1_99' title='bbox 525 884 597 943; x_wconf 87' lang='lat' dir='ltr'>coelo</span> <span class='ocrx_word' id='word_1_100' title='bbox 610 884 681 940; x_wconf 88' lang='lat' dir='ltr'>lilios</span> <span class='ocrx_word' id='word_1_101' title='bbox 694 899 758 939; x_wconf 87' lang='lat' dir='ltr'>suos</span> <span class='ocrx_word' id='word_1_102' title='bbox 778 882 915 954; x_wconf 76' lang='lat' dir='ltr'>gaudens,</span> <span class='ocrx_word' id='word_1_103' title='bbox 936 884 962 939; x_wconf 90' lang='lat' dir='ltr'>in</span> <span class='ocrx_word' id='word_1_104' title='bbox 984 898 1040 939; x_wconf 92' lang='grc' dir='ltr'>ιιιιο</span> <span class='ocrx_word' id='word_1_105' title='bbox 1053 881 1112 956; x_wconf 75' lang='lat'>(32)</span> <span class='ocrx_word' id='word_1_106' title='bbox 1162 885 1245 952; x_wconf 84' lang='lat' dir='ltr'>sisse,</span> <span class='ocrx_word' id='word_1_107' title='bbox 1262 902 1312 941; x_wconf 87' lang='lat' dir='ltr'>eos</span> <span class='ocrx_word' id='word_1_108' title='bbox 1331 884 1454 956; x_wconf 78' lang='lat' dir='ltr'>legimus.</span> <span class='ocrx_word' id='word_1_109' title='bbox 1468 885 1523 941; x_wconf 86' lang='lat' dir='ltr'>llec</span> <span class='ocrx_word' id='word_1_110' title='bbox 1536 885 1724 941; x_wconf 79' lang='lat' dir='ltr'>difficultatem</span> <span class='ocrx_word' id='word_1_111' title='bbox 1739 885 1867 956; x_wconf 82' lang='lat' dir='ltr'>praebuit,</span> <span class='ocrx_word' id='word_1_112' title='bbox 1879 903 1947 958; x_wconf 83' lang='lat' dir='ltr'>quern</span> 
     </span>
     <span class='ocr_line' id='line_1_9' title="bbox 312 974 1950 1047; baseline -0.002 -9"><span class='ocrx_word' id='word_1_113' title='bbox 312 980 418 1038; x_wconf 84' lang='lat' dir='ltr'>rideret</span> <span class='ocrx_word' id='word_1_114' title='bbox 445 988 538 1037; x_wconf 86' lang='lat' dir='ltr'>sancta</span> <span class='ocrx_word' id='word_1_115' title='bbox 564 986 651 1035; x_wconf 88' lang='lat' dir='ltr'>mater</span> <span class='ocrx_word' id='word_1_116' title='bbox 681 977 814 1034; x_wconf 90' lang='lat' dir='ltr'>Ecclesia.</span> <span class='ocrx_word' id='word_1_117' title='bbox 840 975 1003 1032; x_wconf 83' lang='lat' dir='ltr'>lieddiderat</span> <span class='ocrx_word' id='word_1_118' title='bbox 1030 991 1111 1031; x_wconf 90' lang='lat' dir='ltr'>unam</span> <span class='ocrx_word' id='word_1_119' title='bbox 1163 976 1373 1047; x_wconf 77' lang='lat' dir='ltr'>rogastiszire⁰</span> <span class='ocrx_word' id='word_1_120' title='bbox 1388 977 1513 1047; x_wconf 86' lang='lat' dir='ltr'>praecepit</span> <span class='ocrx_word' id='word_1_121' title='bbox 1526 984 1651 1046; x_wconf 83' lang='lat' dir='ltr'>prevete</span> <span class='ocrx_word' id='word_1_122' title='bbox 1663 989 1728 1035; x_wconf 88' lang='lat' dir='ltr'>suo.</span> <span class='ocrx_word' id='word_1_123' title='bbox 1741 982 1812 1046; x_wconf 73' lang='lat' dir='ltr'>duos</span> <span class='ocrx_word' id='word_1_124' title='bbox 1825 974 1950 1035; x_wconf 78' lang='lat' dir='ltr'>intellexe-</span> 
     </span>
     <span class='ocr_line' id='line_1_10' title="bbox 312 1067 1950 1140; baseline -0.002 -9"><span class='ocrx_word' id='word_1_125' title='bbox 312 1072 543 1140; x_wconf 84' lang='lat' dir='ltr'>conrnunionorn,</span> <span class='ocrx_word' id='word_1_126' title='bbox 555 1068 660 1125; x_wconf 89' lang='lat' dir='ltr'>maritis</span> <span class='ocrx_word' id='word_1_127' title='bbox 672 1083 782 1135; x_wconf 79' lang='lat' dir='ltr'>naeres,</span> <span class='ocrx_word' id='word_1_128' title='bbox 794 1068 949 1139; x_wconf 89' lang='lat' dir='ltr'>parentibus</span> <span class='ocrx_word' id='word_1_129' title='bbox 963 1068 1044 1133; x_wconf 87' lang='lat' dir='ltr'>lilios,</span> <span class='ocrx_word' id='word_1_130' title='bbox 1056 1067 1112 1122; x_wconf 87' lang='lat' dir='ltr'>lra-</span> <span class='ocrx_word' id='word_1_131' title='bbox 1162 1077 1206 1125; x_wconf 87' lang='lat' dir='ltr'>rat</span> <span class='ocrx_word' id='word_1_132' title='bbox 1219 1069 1253 1124; x_wconf 89' lang='lat' dir='ltr'>ad</span> <span class='ocrx_word' id='word_1_133' title='bbox 1275 1069 1478 1126; x_wconf 79' lang='lat' dir='ltr'>disturbandam</span> <span class='ocrx_word' id='word_1_134' title='bbox 1495 1084 1587 1140; x_wconf 88' lang='lat' dir='ltr'>pacem</span> <span class='ocrx_word' id='word_1_135' title='bbox 1607 1084 1669 1125; x_wconf 89' lang='lat' dir='ltr'>enm</span> <span class='ocrx_word' id='word_1_136' title='bbox 1685 1067 1780 1126; x_wconf 81' lang='lat' dir='ltr'>lurore</span> <span class='ocrx_word' id='word_1_137' title='bbox 1794 1084 1855 1128; x_wconf 84' lang='lat' dir='ltr'>esse</span> <span class='ocrx_word' id='word_1_138' title='bbox 1867 1080 1950 1127; x_wconf 79' lang='lat' dir='ltr'>rente</span> 
     </span>
     <span class='ocr_line' id='line_1_11' title="bbox 311 1148 1949 1233; baseline -0.004 -7"><span class='ocrx_word' id='word_1_139' title='bbox 311 1168 399 1226; x_wconf 90' lang='lat' dir='ltr'>tribus</span> <span class='ocrx_word' id='word_1_140' title='bbox 410 1167 517 1222; x_wconf 87' lang='lat' dir='ltr'>iratres.</span> <span class='ocrx_word' id='word_1_141' title='bbox 532 1164 635 1233; x_wconf 78' lang='lat' dir='ltr'>Quibus</span> <span class='ocrx_word' id='word_1_142' title='bbox 647 1163 729 1219; x_wconf 90' lang='lat' dir='ltr'>rebus</span> <span class='ocrx_word' id='word_1_143' title='bbox 747 1163 818 1219; x_wconf 86' lang='lat' dir='ltr'>Deus</span> <span class='ocrx_word' id='word_1_144' title='bbox 833 1177 863 1218; x_wconf 90' lang='lat' dir='ltr'>sc</span> <span class='ocrx_word' id='word_1_145' title='bbox 887 1161 970 1217; x_wconf 65' lang='lat' dir='ltr'>lactari</span> <span class='ocrx_word' id='word_1_146' title='bbox 987 1168 1111 1225; x_wconf 87' lang='lat' dir='ltr'>testatur,</span> <span class='ocrx_word' id='word_1_147' title='bbox 1162 1176 1219 1217; x_wconf 92' lang='lat' dir='ltr'>ros.</span> <span class='ocrx_word' id='word_1_148' title='bbox 1236 1160 1393 1217; x_wconf 85' lang='lat' dir='ltr'>Erubescite</span> <span class='ocrx_word' id='word_1_149' title='bbox 1403 1162 1425 1216; x_wconf 92' lang='lat' dir='ltr'>si</span> <span class='ocrx_word' id='word_1_150' title='bbox 1439 1161 1509 1216; x_wconf 91' lang='lat' dir='ltr'>nllus</span> <span class='ocrx_word' id='word_1_151' title='bbox 1521 1171 1563 1218; x_wconf 89' lang='lat' dir='ltr'>est</span> <span class='ocrx_word' id='word_1_152' title='bbox 1577 1161 1664 1231; x_wconf 90' lang='lat' dir='ltr'>pudor</span> <span class='ocrx_word' id='word_1_153' title='bbox 1674 1148 1797 1218; x_wconf 82' lang='lat' dir='ltr'>:eadem</span> <span class='ocrx_word' id='word_1_154' title='bbox 1810 1162 1949 1219; x_wconf 77' lang='lat' dir='ltr'>reserabis</span> 
     </span>
     <span class='ocr_line' id='line_1_12' title="bbox 312 1252 1949 1327; baseline -0.002 -10"><span class='ocrx_word' id='word_1_155' title='bbox 312 1261 376 1318; x_wconf 90' lang='lat' dir='ltr'>dtrm</span> <span class='ocrx_word' id='word_1_156' title='bbox 398 1257 464 1315; x_wconf 90' lang='lat' dir='ltr'>dicit</span> <span class='ocrx_word' id='word_1_157' title='bbox 486 1257 512 1314; x_wconf 91' lang='lat' dir='ltr'>in</span> <span class='ocrx_word' id='word_1_158' title='bbox 535 1256 638 1327; x_wconf 89' lang='lat' dir='ltr'>psalmo</span> <span class='ocrx_word' id='word_1_159' title='bbox 659 1271 748 1312; x_wconf 75' lang='lat' dir='ltr'>cassu</span> <span class='ocrx_word' id='word_1_160' title='bbox 764 1272 771 1309; x_wconf 73' lang='grc' dir='ltr'>ε</span> <span class='ocrx_word' id='word_1_161' title='bbox 789 1253 855 1309; x_wconf 83' lang='lat' dir='ltr'>Ecce</span> <span class='ocrx_word' id='word_1_162' title='bbox 873 1271 950 1326; x_wconf 81' lang='lat' dir='ltr'>quem</span> <span class='ocrx_word' id='word_1_163' title='bbox 970 1253 1064 1308; x_wconf 85' lang='lat' dir='ltr'>bonnm</span> <span class='ocrx_word' id='word_1_164' title='bbox 1088 1263 1113 1308; x_wconf 86' lang='lat' dir='ltr'>et</span> <span class='ocrx_word' id='word_1_165' title='bbox 1161 1254 1274 1312; x_wconf 89' lang='lat' dir='ltr'>libertas</span> <span class='ocrx_word' id='word_1_166' title='bbox 1285 1261 1327 1310; x_wconf 92' lang='lat' dir='ltr'>est</span> <span class='ocrx_word' id='word_1_167' title='bbox 1340 1252 1455 1321; x_wconf 86' lang='lat' dir='ltr'>reddita,</span> <span class='ocrx_word' id='word_1_168' title='bbox 1469 1269 1521 1326; x_wconf 82' lang='lat' dir='ltr'>qua</span> <span class='ocrx_word' id='word_1_169' title='bbox 1531 1269 1598 1311; x_wconf 85' lang='lat' dir='ltr'>voce</span> <span class='ocrx_word' id='word_1_170' title='bbox 1609 1253 1745 1312; x_wconf 85' lang='lat' dir='ltr'>idolorum</span> <span class='ocrx_word' id='word_1_171' title='bbox 1758 1255 1949 1327; x_wconf 81' lang='lat' dir='ltr'>pateberijttssa</span> 
     </span>
     <span class='ocr_line' id='line_1_13' title="bbox 312 1346 1345 1422; baseline -0.004 -16"><span class='ocrx_word' id='word_1_172' title='bbox 312 1367 390 1422; x_wconf 80' lang='lat' dir='ltr'>quom</span> <span class='ocrx_word' id='word_1_173' title='bbox 400 1349 546 1422; x_wconf 77' lang='lat' dir='ltr'>jocundum</span> <span class='ocrx_word' id='word_1_174' title='bbox 559 1347 673 1404; x_wconf 88' lang='lat' dir='ltr'>ltebitore</span> <span class='ocrx_word' id='word_1_175' title='bbox 683 1350 775 1418; x_wconf 82' lang='grc' dir='ltr'>(ιιιιιι</span> <span class='ocrx_word' id='word_1_176' title='bbox 789 1347 816 1400; x_wconf 85' lang='lat' dir='ltr'>in</span> <span class='ocrx_word' id='word_1_177' title='bbox 830 1362 918 1401; x_wconf 86' lang='lat' dir='ltr'>onum.</span> <span class='ocrx_word' id='word_1_178' title='bbox 933 1346 1038 1401; x_wconf 81' lang='lat' dir='ltr'>Etenim</span> <span class='ocrx_word' id='word_1_179' title='bbox 1050 1359 1111 1401; x_wconf 87' lang='lat' dir='ltr'>cum</span> <span class='ocrx_word' id='word_1_180' title='bbox 1163 1356 1225 1403; x_wconf 85' lang='lat' dir='ltr'>suut</span> <span class='ocrx_word' id='word_1_181' title='bbox 1236 1348 1345 1419; x_wconf 86' lang='lat' dir='ltr'>templa.</span> 
     </span>
    </p>

    <p class='ocr_par' dir='ltr' id='par_1_5' title="bbox 310 1436 1989 2530">
     <span class='ocr_line' id='line_1_14' title="bbox 313 1436 1948 1512; baseline 0.001 -13"><span class='ocrx_word' id='word_1_182' title='bbox 313 1441 456 1499; x_wconf 83' lang='lat' dir='ltr'>Airitames</span> <span class='ocrx_word' id='word_1_183' title='bbox 469 1441 583 1512; x_wconf 91' lang='lat' dir='ltr'>populos</span> <span class='ocrx_word' id='word_1_184' title='bbox 595 1451 623 1496; x_wconf 90' lang='lat' dir='ltr'>et</span> <span class='ocrx_word' id='word_1_185' title='bbox 644 1438 794 1495; x_wconf 87' lang='lat' dir='ltr'>Orientales</span> <span class='ocrx_word' id='word_1_186' title='bbox 812 1445 841 1492; x_wconf 87' lang='grc' dir='ltr'>ιι</span> <span class='ocrx_word' id='word_1_187' title='bbox 857 1447 970 1493; x_wconf 80' lang='lat' dir='ltr'>caeteros</span> <span class='ocrx_word' id='word_1_188' title='bbox 984 1447 1113 1491; x_wconf 86' lang='lat' dir='ltr'>transma·</span> <span class='ocrx_word' id='word_1_189' title='bbox 1199 1436 1281 1495; x_wconf 79' lang='lat' dir='ltr'>xvtl.</span> <span class='ocrx_word' id='word_1_190' title='bbox 1298 1437 1493 1496; x_wconf 71' lang='lat' dir='ltr'>donatistarum</span> <span class='ocrx_word' id='word_1_191' title='bbox 1505 1443 1580 1511; x_wconf 72' lang='lat' dir='ltr'>soror</span> <span class='ocrx_word' id='word_1_192' title='bbox 1592 1450 1616 1497; x_wconf 90' lang='lat' dir='ltr'>et</span> <span class='ocrx_word' id='word_1_193' title='bbox 1636 1441 1790 1498; x_wconf 83' lang='lat' dir='ltr'>crudelitas.</span> <span class='ocrx_word' id='word_1_194' title='bbox 1804 1473 1839 1484; x_wconf 91' lang='lat'>—</span> <span class='ocrx_word' id='word_1_195' title='bbox 1853 1441 1948 1501; x_wconf 79' lang='lat' dir='ltr'>Eisdem</span> 
     </span>
     <span class='ocr_line' id='line_1_15' title="bbox 313 1530 1947 1604; baseline -0.001 -12"><span class='ocrx_word' id='word_1_196' title='bbox 313 1536 389 1592; x_wconf 90' lang='lat' dir='ltr'>rinos</span> <span class='ocrx_word' id='word_1_197' title='bbox 408 1549 459 1604; x_wconf 83' lang='lat' dir='ltr'>pax</span> <span class='ocrx_word' id='word_1_198' title='bbox 471 1549 523 1589; x_wconf 92' lang='lat' dir='ltr'>una</span> <span class='ocrx_word' id='word_1_199' title='bbox 537 1532 727 1604; x_wconf 77' lang='lat' dir='ltr'>corrjrrngeret,</span> <span class='ocrx_word' id='word_1_200' title='bbox 746 1531 845 1599; x_wconf 88' lang='lat' dir='ltr'>etipsa</span> <span class='ocrx_word' id='word_1_201' title='bbox 860 1530 1112 1599; x_wconf 83' lang='lat' dir='ltr'>unitasrcpraesen·</span> <span class='ocrx_word' id='word_1_202' title='bbox 1164 1542 1234 1601; x_wconf 89' lang='lat' dir='ltr'>pene</span> <span class='ocrx_word' id='word_1_203' title='bbox 1248 1531 1391 1585; x_wconf 90' lang='lat' dir='ltr'>momentis</span> <span class='ocrx_word' id='word_1_204' title='bbox 1406 1539 1495 1587; x_wconf 85' lang='lat' dir='ltr'>vester</span> <span class='ocrx_word' id='word_1_205' title='bbox 1516 1531 1591 1589; x_wconf 86' lang='lat' dir='ltr'>iuror</span> <span class='ocrx_word' id='word_1_206' title='bbox 1615 1532 1642 1589; x_wconf 90' lang='lat' dir='ltr'>in</span> <span class='ocrx_word' id='word_1_207' title='bbox 1664 1531 1788 1589; x_wconf 72' lang='lat' dir='ltr'>Africam</span> <span class='ocrx_word' id='word_1_208' title='bbox 1808 1536 1947 1603; x_wconf 83' lang='lat' dir='ltr'>revertitur,</span> 
     </span>
     <span class='ocr_line' id='line_1_16' title="bbox 312 1620 1948 1693; baseline -0.001 -11"><span class='ocrx_word' id='word_1_209' title='bbox 312 1626 375 1683; x_wconf 90' lang='lat' dir='ltr'>tatis</span> <span class='ocrx_word' id='word_1_210' title='bbox 390 1624 515 1683; x_wconf 88' lang='lat' dir='ltr'>omnihus</span> <span class='ocrx_word' id='word_1_211' title='bbox 531 1624 661 1681; x_wconf 88' lang='lat' dir='ltr'>memhris</span> <span class='ocrx_word' id='word_1_212' title='bbox 675 1638 773 1693; x_wconf 91' lang='lat' dir='ltr'>corpus</span> <span class='ocrx_word' id='word_1_213' title='bbox 789 1620 919 1678; x_wconf 80' lang='lat' dir='ltr'>Ecclesiae</span> <span class='ocrx_word' id='word_1_214' title='bbox 933 1621 1089 1692; x_wconf 77' lang='lat' dir='ltr'>coagularet</span> <span class='ocrx_word' id='word_1_215' title='bbox 1104 1638 1110 1673; x_wconf 91' lang='lat'><strong>:</strong></span> <span class='ocrx_word' id='word_1_216' title='bbox 1164 1620 1261 1691; x_wconf 83' lang='lat' dir='ltr'>quibus</span> <span class='ocrx_word' id='word_1_217' title='bbox 1276 1620 1404 1677; x_wconf 81' lang='lat' dir='ltr'>Diabolus</span> <span class='ocrx_word' id='word_1_218' title='bbox 1418 1622 1453 1678; x_wconf 88' lang='lat' dir='ltr'>de</span> <span class='ocrx_word' id='word_1_219' title='bbox 1464 1623 1521 1678; x_wconf 87' lang='lat' dir='ltr'>suis</span> <span class='ocrx_word' id='word_1_220' title='bbox 1532 1624 1687 1681; x_wconf 78' lang='lat' dir='ltr'>carceribus</span> <span class='ocrx_word' id='word_1_221' title='bbox 1700 1625 1849 1681; x_wconf 77' lang='lat' dir='ltr'>relaxatur.</span> <span class='ocrx_word' id='word_1_222' title='bbox 1861 1625 1891 1680; x_wconf 91' lang='lat' dir='ltr'>Et</span> <span class='ocrx_word' id='word_1_223' title='bbox 1903 1642 1948 1681; x_wconf 92' lang='lat' dir='ltr'>nen</span> 
     </span>
     <span class='ocr_line' id='line_1_17' title="bbox 310 1707 1947 1790; baseline -0.002 -14"><span class='ocrx_word' id='word_1_224' title='bbox 310 1719 420 1776; x_wconf 86' lang='lat' dir='ltr'>dolebat</span> <span class='ocrx_word' id='word_1_225' title='bbox 439 1718 491 1774; x_wconf 91' lang='lat' dir='ltr'>hoc</span> <span class='ocrx_word' id='word_1_226' title='bbox 511 1716 652 1782; x_wconf 87' lang='lat' dir='ltr'>diabolus,</span> <span class='ocrx_word' id='word_1_227' title='bbox 669 1714 714 1786; x_wconf 87' lang='lat' dir='ltr'>qui</span> <span class='ocrx_word' id='word_1_228' title='bbox 739 1728 847 1784; x_wconf 81' lang='lat' dir='ltr'>semper</span> <span class='ocrx_word' id='word_1_229' title='bbox 861 1713 896 1768; x_wconf 92' lang='lat' dir='ltr'>de</span> <span class='ocrx_word' id='word_1_230' title='bbox 917 1712 1029 1767; x_wconf 86' lang='grc' dir='ltr'>ιιιιιιιιιι</span> <span class='ocrx_word' id='word_1_231' title='bbox 1045 1727 1110 1782; x_wconf 87' lang='lat' dir='ltr'>pace</span> <span class='ocrx_word' id='word_1_232' title='bbox 1128 1712 1148 1771; x_wconf 88' lang='lat' dir='ltr'><strong>B</strong></span> <span class='ocrx_word' id='word_1_233' title='bbox 1163 1711 1338 1780; x_wconf 81' lang='lat' dir='ltr'>erubescitis,</span> <span class='ocrx_word' id='word_1_234' title='bbox 1356 1713 1402 1784; x_wconf 85' lang='lat' dir='ltr'>qui</span> <span class='ocrx_word' id='word_1_235' title='bbox 1415 1729 1468 1770; x_wconf 90' lang='lat' dir='ltr'>nuo</span> <span class='ocrx_word' id='word_1_236' title='bbox 1483 1723 1606 1786; x_wconf 88' lang='lat' dir='ltr'>tempere</span> <span class='ocrx_word' id='word_1_237' title='bbox 1627 1731 1690 1771; x_wconf 86' lang='lat' dir='ltr'>cunr</span> <span class='ocrx_word' id='word_1_238' title='bbox 1712 1716 1822 1772; x_wconf 89' lang='lat' dir='ltr'>inimice</span> <span class='ocrx_word' id='word_1_239' title='bbox 1836 1707 1891 1790; x_wconf 75' lang='lat'><strong>(36)</strong></span> <span class='ocrx_word' id='word_1_240' title='bbox 1903 1716 1947 1789; x_wconf 60' lang='lat'>41</span> 
     </span>
     <span class='ocr_line' id='line_1_18' title="bbox 310 1805 1948 1883; baseline -0.003 -14"><span class='ocrx_word' id='word_1_241' title='bbox 310 1821 462 1883; x_wconf 79' lang='lat' dir='ltr'>torquetur.</span> <span class='ocrx_word' id='word_1_242' title='bbox 478 1811 528 1866; x_wconf 91' lang='lat' dir='ltr'>illo</span> <span class='ocrx_word' id='word_1_243' title='bbox 553 1818 676 1881; x_wconf 89' lang='lat' dir='ltr'>tempere</span> <span class='ocrx_word' id='word_1_244' title='bbox 696 1807 747 1863; x_wconf 91' lang='lat' dir='ltr'>sub</span> <span class='ocrx_word' id='word_1_245' title='bbox 770 1808 935 1876; x_wconf 86' lang='lat' dir='ltr'>imperatore</span> <span class='ocrx_word' id='word_1_246' title='bbox 949 1805 1109 1870; x_wconf 88' lang='lat' dir='ltr'>christiano,</span> <span class='ocrx_word' id='word_1_247' title='bbox 1166 1806 1318 1860; x_wconf 87' lang='lat' dir='ltr'>communia</span> <span class='ocrx_word' id='word_1_248' title='bbox 1330 1805 1427 1876; x_wconf 81' lang='lat' dir='ltr'>gaudia</span> <span class='ocrx_word' id='word_1_249' title='bbox 1439 1806 1596 1875; x_wconf 88' lang='lat' dir='ltr'>possidetis!</span> <span class='ocrx_word' id='word_1_250' title='bbox 1609 1807 1731 1865; x_wconf 75' lang='lat' dir='ltr'>Venistis</span> <span class='ocrx_word' id='word_1_251' title='bbox 1742 1809 1840 1875; x_wconf 90' lang='lat' dir='ltr'>rabidi,</span> <span class='ocrx_word' id='word_1_252' title='bbox 1851 1807 1948 1865; x_wconf 80' lang='lat' dir='ltr'>vertistis</span> 
     </span>
     <span class='ocr_line' id='line_1_19' title="bbox 311 1895 1948 1972; baseline -0.007 -8"><span class='ocrx_word' id='word_1_253' title='bbox 311 1907 437 1963; x_wconf 87' lang='lat' dir='ltr'>desertus</span> <span class='ocrx_word' id='word_1_254' title='bbox 459 1904 487 1960; x_wconf 92' lang='lat' dir='ltr'>in</span> <span class='ocrx_word' id='word_1_255' title='bbox 506 1903 586 1959; x_wconf 88' lang='lat' dir='ltr'>idolis</span> <span class='ocrx_word' id='word_1_256' title='bbox 608 1910 743 1972; x_wconf 79' lang='lat' dir='ltr'>mmeuam</span> <span class='ocrx_word' id='word_1_257' title='bbox 767 1900 903 1964; x_wconf 88' lang='lat' dir='ltr'>inclusus,</span> <span class='ocrx_word' id='word_1_258' title='bbox 924 1896 1061 1968; x_wconf 81' lang='lat' dir='ltr'>iaccbatb</span> <span class='ocrx_word' id='word_1_259' title='bbox 1083 1899 1110 1952; x_wconf 91' lang='lat' dir='ltr'>ln</span> <span class='ocrx_word' id='word_1_260' title='bbox 1166 1895 1239 1958; x_wconf 86' lang='lat' dir='ltr'>irati,</span> <span class='ocrx_word' id='word_1_261' title='bbox 1256 1895 1376 1952; x_wconf 89' lang='lat' dir='ltr'>membra</span> <span class='ocrx_word' id='word_1_262' title='bbox 1387 1895 1519 1952; x_wconf 88' lang='lat' dir='ltr'>laniantes</span> <span class='ocrx_word' id='word_1_263' title='bbox 1535 1896 1663 1954; x_wconf 74' lang='lat' dir='ltr'>Ecclesia</span> <span class='ocrx_word' id='word_1_264' title='bbox 1678 1916 1685 1952; x_wconf 93' lang='lat'><strong>:</strong></span> <span class='ocrx_word' id='word_1_265' title='bbox 1701 1898 1816 1955; x_wconf 86' lang='lat' dir='ltr'>subtiles</span> <span class='ocrx_word' id='word_1_266' title='bbox 1828 1899 1854 1954; x_wconf 89' lang='lat' dir='ltr'>ia</span> <span class='ocrx_word' id='word_1_267' title='bbox 1866 1898 1948 1955; x_wconf 84' lang='lat' dir='ltr'>seduc-</span> 
     </span>
     <span class='ocr_line' id='line_1_20' title="bbox 315 1986 1946 2069; baseline -0.004 -15"><span class='ocrx_word' id='word_1_268' title='bbox 315 1998 434 2069; x_wconf 88' lang='lat' dir='ltr'>templis.</span> <span class='ocrx_word' id='word_1_269' title='bbox 461 1997 519 2053; x_wconf 81' lang='lat' dir='ltr'>iloc</span> <span class='ocrx_word' id='word_1_270' title='bbox 542 1995 638 2052; x_wconf 92' lang='lat' dir='ltr'>eodem</span> <span class='ocrx_word' id='word_1_271' title='bbox 660 2002 786 2059; x_wconf 84' lang='lat' dir='ltr'>temnere</span> <span class='ocrx_word' id='word_1_272' title='bbox 810 1990 893 2046; x_wconf 89' lang='lat' dir='ltr'>duces</span> <span class='ocrx_word' id='word_1_273' title='bbox 918 1998 946 2045; x_wconf 90' lang='lat' dir='ltr'>et</span> <span class='ocrx_word' id='word_1_274' title='bbox 975 1990 1111 2060; x_wconf 90' lang='lat' dir='ltr'>principes</span> <span class='ocrx_word' id='word_1_275' title='bbox 1168 1986 1302 2055; x_wconf 87' lang='lat' dir='ltr'>tionibus,</span> <span class='ocrx_word' id='word_1_276' title='bbox 1315 1988 1343 2044; x_wconf 90' lang='lat' dir='ltr'>in</span> <span class='ocrx_word' id='word_1_277' title='bbox 1360 1989 1479 2046; x_wconf 74' lang='lat' dir='ltr'>caedibus</span> <span class='ocrx_word' id='word_1_278' title='bbox 1491 1989 1639 2059; x_wconf 88' lang='lat' dir='ltr'>immanes,</span> <span class='ocrx_word' id='word_1_279' title='bbox 1660 1991 1734 2047; x_wconf 85' lang='lat' dir='ltr'>lilios</span> <span class='ocrx_word' id='word_1_280' title='bbox 1753 1994 1827 2062; x_wconf 85' lang='lat' dir='ltr'>pacis</span> <span class='ocrx_word' id='word_1_281' title='bbox 1845 1992 1876 2048; x_wconf 90' lang='lat' dir='ltr'>ad</span> <span class='ocrx_word' id='word_1_282' title='bbox 1890 1994 1946 2048; x_wconf 86' lang='lat' dir='ltr'>bella</span> 
     </span>
     <span class='ocr_line' id='line_1_21' title="bbox 313 2078 1947 2157; baseline -0.004 -10"><span class='ocrx_word' id='word_1_283' title='bbox 313 2100 420 2148; x_wconf 81' lang='lat' dir='ltr'>vestros</span> <span class='ocrx_word' id='word_1_284' title='bbox 440 2088 535 2144; x_wconf 89' lang='lat' dir='ltr'>merita</span> <span class='ocrx_word' id='word_1_285' title='bbox 550 2086 736 2157; x_wconf 80' lang='lat' dir='ltr'>relegaverant</span> <span class='ocrx_word' id='word_1_286' title='bbox 751 2093 763 2122; x_wconf 68' lang='grc' dir='ltr'>ι</span> <span class='ocrx_word' id='word_1_287' title='bbox 779 2098 838 2138; x_wconf 91' lang='lat' dir='ltr'>sna.</span> <span class='ocrx_word' id='word_1_288' title='bbox 852 2081 882 2137; x_wconf 89' lang='lat' dir='ltr'>In</span> <span class='ocrx_word' id='word_1_289' title='bbox 895 2081 1017 2138; x_wconf 82' lang='lat' dir='ltr'>Ecclesia</span> <span class='ocrx_word' id='word_1_290' title='bbox 1038 2081 1109 2136; x_wconf 91' lang='lat' dir='ltr'>nulla</span> <span class='ocrx_word' id='word_1_291' title='bbox 1167 2087 1354 2149; x_wconf 82' lang='lat' dir='ltr'>provocantes.</span> <span class='ocrx_word' id='word_1_292' title='bbox 1367 2079 1405 2137; x_wconf 84' lang='lat' dir='ltr'>be</span> <span class='ocrx_word' id='word_1_293' title='bbox 1414 2078 1588 2138; x_wconf 89' lang='lat' dir='ltr'>sedibussuis</span> <span class='ocrx_word' id='word_1_294' title='bbox 1597 2082 1700 2139; x_wconf 88' lang='lat' dir='ltr'>multos</span> <span class='ocrx_word' id='word_1_295' title='bbox 1714 2082 1819 2140; x_wconf 88' lang='lat' dir='ltr'>lecistis</span> <span class='ocrx_word' id='word_1_296' title='bbox 1829 2092 1947 2148; x_wconf 83' lang='grc' dir='ltr'>ιιιιιιιι,</span> 
     </span>
     <span class='ocr_line' id='line_1_22' title="bbox 312 2173 1945 2246; baseline -0.002 -9"><span class='ocrx_word' id='word_1_297' title='bbox 312 2185 419 2237; x_wconf 88' lang='lat' dir='ltr'>inerant</span> <span class='ocrx_word' id='word_1_298' title='bbox 439 2178 602 2244; x_wconf 89' lang='lat' dir='ltr'>schismata,</span> <span class='ocrx_word' id='word_1_299' title='bbox 619 2175 797 2246; x_wconf 74' lang='lat' dir='ltr'>neceagmts</span> <span class='ocrx_word' id='word_1_300' title='bbox 811 2175 910 2230; x_wconf 89' lang='lat' dir='ltr'>licebat</span> <span class='ocrx_word' id='word_1_301' title='bbox 922 2189 1053 2230; x_wconf 85' lang='lat' dir='ltr'>exercere</span> <span class='ocrx_word' id='word_1_302' title='bbox 1065 2187 1110 2229; x_wconf 89' lang='lat' dir='ltr'>sa·</span> <span class='ocrx_word' id='word_1_303' title='bbox 1167 2185 1228 2227; x_wconf 88' lang='lat' dir='ltr'>cunr</span> <span class='ocrx_word' id='word_1_304' title='bbox 1242 2173 1375 2229; x_wconf 90' lang='lat' dir='ltr'>conducta</span> <span class='ocrx_word' id='word_1_305' title='bbox 1396 2188 1476 2230; x_wconf 86' lang='lat' dir='ltr'>mauu</span> <span class='ocrx_word' id='word_1_306' title='bbox 1501 2174 1639 2233; x_wconf 88' lang='lat' dir='ltr'>venientes</span> <span class='ocrx_word' id='word_1_307' title='bbox 1661 2177 1792 2234; x_wconf 87' lang='lat' dir='ltr'>basilicas</span> <span class='ocrx_word' id='word_1_308' title='bbox 1806 2177 1945 2233; x_wconf 79' lang='lat' dir='ltr'>invasistis:</span> 
     </span>
     <span class='ocr_line' id='line_1_23' title="bbox 313 2262 1989 2344; baseline -0.004 -14"><span class='ocrx_word' id='word_1_309' title='bbox 313 2272 424 2344; x_wconf 70' lang='lat' dir='ltr'>crilessia</span> <span class='ocrx_word' id='word_1_310' title='bbox 439 2288 447 2326; x_wconf 78' lang='grc' dir='ltr'>ι</span> <span class='ocrx_word' id='word_1_311' title='bbox 465 2286 515 2342; x_wconf 83' lang='lat' dir='ltr'>pax</span> <span class='ocrx_word' id='word_1_312' title='bbox 536 2270 592 2329; x_wconf 84' lang='lat' dir='ltr'>Dee</span> <span class='ocrx_word' id='word_1_313' title='bbox 615 2269 712 2339; x_wconf 89' lang='lat' dir='ltr'>placita</span> <span class='ocrx_word' id='word_1_314' title='bbox 734 2266 805 2337; x_wconf 87' lang='lat' dir='ltr'>apud</span> <span class='ocrx_word' id='word_1_315' title='bbox 825 2280 920 2321; x_wconf 91' lang='lat' dir='ltr'>omnes</span> <span class='ocrx_word' id='word_1_316' title='bbox 942 2264 1111 2321; x_wconf 85' lang='lat' dir='ltr'>christianos</span> <span class='ocrx_word' id='word_1_317' title='bbox 1164 2262 1240 2318; x_wconf 91' lang='lat' dir='ltr'>multi</span> <span class='ocrx_word' id='word_1_318' title='bbox 1263 2278 1297 2319; x_wconf 80' lang='lat' dir='ltr'>ex</span> <span class='ocrx_word' id='word_1_319' title='bbox 1312 2279 1427 2320; x_wconf 87' lang='lat' dir='ltr'>numere</span> <span class='ocrx_word' id='word_1_320' title='bbox 1447 2275 1539 2322; x_wconf 85' lang='lat' dir='ltr'>vestm</span> <span class='ocrx_word' id='word_1_321' title='bbox 1552 2283 1600 2338; x_wconf 91' lang='lat' dir='ltr'>per</span> <span class='ocrx_word' id='word_1_322' title='bbox 1614 2266 1671 2323; x_wconf 94' lang='lat' dir='ltr'>loca</span> <span class='ocrx_word' id='word_1_323' title='bbox 1697 2267 1813 2340; x_wconf 90' lang='lat' dir='ltr'>plurima</span> <span class='ocrx_word' id='word_1_324' title='bbox 1830 2268 1946 2340; x_wconf 81' lang='lat' dir='ltr'>(quasti</span> <span class='ocrx_word' id='word_1_325' title='bbox 1985 2274 1989 2289; x_wconf 86' lang='lat'>¹</span> 
     </span>
     <span class='ocr_line' id='line_1_24' title="bbox 312 2353 1945 2435; baseline -0.005 -14"><span class='ocrx_word' id='word_1_326' title='bbox 312 2361 428 2435; x_wconf 88' lang='lat' dir='ltr'>populos</span> <span class='ocrx_word' id='word_1_327' title='bbox 448 2359 608 2419; x_wconf 89' lang='lat' dir='ltr'>habitabat:</span> <span class='ocrx_word' id='word_1_328' title='bbox 632 2356 758 2415; x_wconf 91' lang='lat' dir='ltr'>diabolus</span> <span class='ocrx_word' id='word_1_329' title='bbox 779 2355 915 2413; x_wconf 74' lang='lat' dir='ltr'>moerebat</span> <span class='ocrx_word' id='word_1_330' title='bbox 933 2355 960 2410; x_wconf 91' lang='lat' dir='ltr'>iu</span> <span class='ocrx_word' id='word_1_331' title='bbox 984 2353 1109 2425; x_wconf 87' lang='lat' dir='ltr'>templis,</span> <span class='ocrx_word' id='word_1_332' title='bbox 1163 2353 1318 2410; x_wconf 90' lang='lat' dir='ltr'>nominibus</span> <span class='ocrx_word' id='word_1_333' title='bbox 1339 2354 1430 2412; x_wconf 90' lang='lat' dir='ltr'>dicero</span> <span class='ocrx_word' id='word_1_334' title='bbox 1446 2355 1555 2428; x_wconf 76' lang='lat' dir='ltr'>lengum</span> <span class='ocrx_word' id='word_1_335' title='bbox 1574 2357 1627 2431; x_wconf 76' lang='lat' dir='ltr'>est)</span> <span class='ocrx_word' id='word_1_336' title='bbox 1643 2358 1705 2431; x_wconf 69' lang='grc'>(37)</span> <span class='ocrx_word' id='word_1_337' title='bbox 1721 2358 1945 2431; x_wconf 83' lang='lat' dir='ltr'>cruentasoperati</span> 
     </span>
     <span class='ocr_line' id='line_1_25' title="bbox 312 2445 1945 2530; baseline -0.004 -16"><span class='ocrx_word' id='word_1_338' title='bbox 312 2456 370 2530; x_wconf 74' lang='lat'><strong>(53)</strong></span> <span class='ocrx_word' id='word_1_339' title='bbox 386 2470 433 2513; x_wconf 85' lang='lat' dir='ltr'>res</span> <span class='ocrx_word' id='word_1_340' title='bbox 449 2456 475 2512; x_wconf 91' lang='lat' dir='ltr'>in</span> <span class='ocrx_word' id='word_1_341' title='bbox 488 2453 643 2526; x_wconf 64' lang='lat' dir='ltr'>regionibus</span> <span class='ocrx_word' id='word_1_342' title='bbox 655 2450 762 2508; x_wconf 88' lang='lat' dir='ltr'>alicnis.</span> <span class='ocrx_word' id='word_1_343' title='bbox 1163 2455 1226 2502; x_wconf 91' lang='lat' dir='ltr'>sunt</span> <span class='ocrx_word' id='word_1_344' title='bbox 1238 2445 1344 2514; x_wconf 81' lang='lat' dir='ltr'>cades,</span> <span class='ocrx_word' id='word_1_345' title='bbox 1358 2455 1451 2504; x_wconf 91' lang='lat' dir='ltr'>ettam</span> <span class='ocrx_word' id='word_1_346' title='bbox 1466 2456 1589 2520; x_wconf 88' lang='lat' dir='ltr'>atroces,</span> <span class='ocrx_word' id='word_1_347' title='bbox 1611 2460 1641 2507; x_wconf 90' lang='grc' dir='ltr'>ιιι</span> <span class='ocrx_word' id='word_1_348' title='bbox 1658 2449 1696 2508; x_wconf 89' lang='lat' dir='ltr'>de</span> <span class='ocrx_word' id='word_1_349' title='bbox 1711 2451 1809 2509; x_wconf 90' lang='lat' dir='ltr'>talibus</span> <span class='ocrx_word' id='word_1_350' title='bbox 1822 2452 1905 2521; x_wconf 78' lang='lat' dir='ltr'>hstis,</span> <span class='ocrx_word' id='word_1_351' title='bbox 1917 2450 1945 2507; x_wconf 87' lang='lat' dir='ltr'>ab</span> 
     </span>
    </p>
   </div>
   <div class='ocr_carea' id='block_1_5' title="bbox 917 2558 1339 2618">
    <p class='ocr_par' dir='ltr' id='par_1_6' title="bbox 917 2558 1339 2618">
     <span class='ocr_line' id='line_1_26' title="bbox 917 2558 1339 2618; baseline -0.002 -1"><span class='ocrx_word' id='word_1_352' title='bbox 917 2559 1110 2617; x_wconf 73' lang='lat' dir='ltr'>hesitemus</span> <span class='ocrx_word' id='word_1_353' title='bbox 1129 2558 1339 2618; x_wconf 76' lang='lat' dir='ltr'>leildN&#39;lES.</span> 
     </span>
    </p>
   </div>
   <div class='ocr_carea' id='block_1_6' title="bbox 303 2650 1942 3036">
    <p class='ocr_par' dir='ltr' id='par_1_7' title="bbox 303 2650 1942 3036">
     <span class='ocr_line' id='line_1_27' title="bbox 342 2650 1942 2726; baseline -0.002 -12"><span class='ocrx_word' id='word_1_354' title='bbox 342 2661 414 2713; x_wconf 66' lang='lat' dir='ltr'>*llic</span> <span class='ocrx_word' id='word_1_355' title='bbox 429 2660 496 2712; x_wconf 79' lang='lat' dir='ltr'>loests</span> <span class='ocrx_word' id='word_1_356' title='bbox 515 2660 603 2724; x_wconf 89' lang='lat' dir='ltr'>partim</span> <span class='ocrx_word' id='word_1_357' title='bbox 624 2668 657 2706; x_wconf 83' lang='lat' dir='ltr'>ex</span> <span class='ocrx_word' id='word_1_358' title='bbox 678 2654 828 2717; x_wconf 76' lang='lat' dir='ltr'>coniectura,</span> <span class='ocrx_word' id='word_1_359' title='bbox 850 2652 939 2714; x_wconf 89' lang='lat' dir='ltr'>partim</span> <span class='ocrx_word' id='word_1_360' title='bbox 955 2653 1108 2726; x_wconf 31' lang='lat' dir='ltr'>&#39;seueritate</span> <span class='ocrx_word' id='word_1_361' title='bbox 1160 2652 1202 2725; x_wconf 82' lang='lat' dir='ltr'>tls,</span> <span class='ocrx_word' id='word_1_362' title='bbox 1215 2652 1323 2714; x_wconf 83' lang='lat' dir='ltr'>eoquod</span> <span class='ocrx_word' id='word_1_363' title='bbox 1333 2650 1446 2703; x_wconf 82' lang='lat' dir='ltr'>Julianus</span> <span class='ocrx_word' id='word_1_364' title='bbox 1454 2653 1590 2716; x_wconf 85' lang='lat' dir='ltr'>Imperator</span> <span class='ocrx_word' id='word_1_365' title='bbox 1599 2655 1832 2711; x_wconf 83' lang='lat' dir='ltr'>nobis-ithertuem</span> <span class='ocrx_word' id='word_1_366' title='bbox 1845 2657 1942 2711; x_wconf 88' lang='lat' dir='ltr'>reddide-</span> 
     </span>
     <span class='ocr_line' id='line_1_28' title="bbox 310 2712 1625 2776; baseline -0.011 1"><span class='ocrx_word' id='word_1_367' title='bbox 310 2738 368 2776; x_wconf 85' lang='lat' dir='ltr'>russ</span> <span class='ocrx_word' id='word_1_368' title='bbox 391 2721 537 2774; x_wconf 86' lang='lat' dir='ltr'>emendatus</span> <span class='ocrx_word' id='word_1_369' title='bbox 557 2727 604 2770; x_wconf 90' lang='lat' dir='ltr'>est.</span> <span class='ocrx_word' id='word_1_370' title='bbox 620 2717 650 2768; x_wconf 91' lang='lat' dir='ltr'>lu</span> <span class='ocrx_word' id='word_1_371' title='bbox 668 2729 727 2767; x_wconf 76' lang='lat' dir='ltr'>mss.</span> <span class='ocrx_word' id='word_1_372' title='bbox 739 2714 765 2765; x_wconf 90' lang='lat' dir='ltr'>S.</span> <span class='ocrx_word' id='word_1_373' title='bbox 778 2714 809 2765; x_wconf 86' lang='lat' dir='ltr'>T.</span> <span class='ocrx_word' id='word_1_374' title='bbox 825 2713 888 2763; x_wconf 85' lang='lat' dir='ltr'>etP.</span> <span class='ocrx_word' id='word_1_375' title='bbox 901 2713 927 2763; x_wconf 88' lang='lat' dir='ltr'>S.</span> <span class='ocrx_word' id='word_1_376' title='bbox 941 2726 976 2763; x_wconf 84' lang='lat' dir='ltr'>sic</span> <span class='ocrx_word' id='word_1_377' title='bbox 996 2712 1107 2774; x_wconf 79' lang='lat' dir='ltr'>legitur:</span> <span class='ocrx_word' id='word_1_378' title='bbox 1159 2719 1192 2764; x_wconf 91' lang='grc' dir='ltr'>ιιι</span> <span class='ocrx_word' id='word_1_379' title='bbox 1233 2726 1289 2763; x_wconf 88' lang='lat' dir='ltr'>uam</span> <span class='ocrx_word' id='word_1_380' title='bbox 1298 2713 1625 2768; x_wconf 70' lang='lat' dir='ltr'>deosuutluusabstnlerat.</span> 
     </span>
     <span class='ocr_line' id='line_1_29' title="bbox 328 2727 1825 2851; baseline -0.009 -12"><span class='ocrx_word' id='word_1_381' title='bbox 328 2785 375 2838; x_wconf 87' lang='lat' dir='ltr'>uod</span> <span class='ocrx_word' id='word_1_382' title='bbox 383 2783 488 2837; x_wconf 74' lang='lat' dir='ltr'>selbod</span> <span class='ocrx_word' id='word_1_383' title='bbox 497 2779 594 2846; x_wconf 76' lang='lat' dir='ltr'>primasi</span> <span class='ocrx_word' id='word_1_384' title='bbox 605 2776 699 2851; x_wconf 73' lang='lat' dir='ltr'>erroris</span> <span class='ocrx_word' id='word_1_385' title='bbox 710 2775 846 2850; x_wconf 69' lang='lat' dir='ltr'>liberiorem</span> <span class='ocrx_word' id='word_1_386' title='bbox 855 2774 921 2846; x_wconf 78' lang='grc' dir='ltr'>(ιιιι</span> <span class='ocrx_word' id='word_1_387' title='bbox 932 2787 983 2846; x_wconf 77' lang='lat' dir='ltr'>esee</span> <span class='ocrx_word' id='word_1_388' title='bbox 992 2774 1108 2825; x_wconf 76' lang='lat' dir='ltr'>considit.</span> <span class='ocrx_word' id='word_1_389' title='bbox 1193 2727 1249 2825; x_wconf 70' lang='lat' dir='ltr'>lin</span> <span class='ocrx_word' id='word_1_390' title='bbox 1261 2790 1306 2827; x_wconf 76' lang='lat' dir='ltr'>ns.</span> <span class='ocrx_word' id='word_1_391' title='bbox 1318 2776 1345 2825; x_wconf 89' lang='lat' dir='ltr'>S.</span> <span class='ocrx_word' id='word_1_392' title='bbox 1358 2775 1388 2845; x_wconf 59' lang='lat' dir='ltr'>G,</span> <span class='ocrx_word' id='word_1_393' title='bbox 1400 2783 1426 2827; x_wconf 91' lang='lat' dir='ltr'>et</span> <span class='ocrx_word' id='word_1_394' title='bbox 1438 2778 1464 2827; x_wconf 91' lang='lat' dir='ltr'>ie</span> <span class='ocrx_word' id='word_1_395' title='bbox 1475 2780 1620 2841; x_wconf 85' lang='lat' dir='ltr'>quibusdam</span> <span class='ocrx_word' id='word_1_396' title='bbox 1632 2779 1719 2844; x_wconf 87' lang='lat' dir='ltr'>editis,</span> <span class='ocrx_word' id='word_1_397' title='bbox 1731 2780 1825 2834; x_wconf 71' lang='lat' dir='ltr'>luebat</span> 
     </span>
     <span class='ocr_line' id='line_1_30' title="bbox 310 2799 1502 2909; baseline -0.013 -11"><span class='ocrx_word' id='word_1_398' title='bbox 310 2799 338 2898; x_wconf 60' lang='lat' dir='ltr'>qn</span> <span class='ocrx_word' id='word_1_399' title='bbox 350 2862 395 2898; x_wconf 83' lang='lat' dir='ltr'>uas.</span> <span class='ocrx_word' id='word_1_400' title='bbox 405 2848 432 2897; x_wconf 86' lang='lat' dir='ltr'>S.</span> <span class='ocrx_word' id='word_1_401' title='bbox 443 2846 473 2897; x_wconf 82' lang='lat' dir='ltr'>G.</span> <span class='ocrx_word' id='word_1_402' title='bbox 489 2843 554 2909; x_wconf 82' lang='lat' dir='ltr'>qued</span> <span class='ocrx_word' id='word_1_403' title='bbox 573 2839 637 2893; x_wconf 81' lang='lat' dir='ltr'>achra</span> <span class='ocrx_word' id='word_1_404' title='bbox 655 2839 689 2892; x_wconf 82' lang='lat' dir='ltr'>oti</span> <span class='ocrx_word' id='word_1_405' title='bbox 700 2847 797 2902; x_wconf 77' lang='lat' dir='ltr'>pristim</span> <span class='ocrx_word' id='word_1_406' title='bbox 806 2850 898 2887; x_wconf 78' lang='lat' dir='ltr'>erroris</span> <span class='ocrx_word' id='word_1_407' title='bbox 922 2835 1056 2888; x_wconf 85' lang='lat' dir='ltr'>bbertotem</span> <span class='ocrx_word' id='word_1_408' title='bbox 1067 2849 1108 2887; x_wconf 89' lang='lat' dir='ltr'>re·</span> <span class='ocrx_word' id='word_1_409' title='bbox 1195 2838 1207 2868; x_wconf 62' lang='grc' dir='ltr'>ι</span> <span class='ocrx_word' id='word_1_410' title='bbox 1222 2835 1249 2886; x_wconf 91' lang='grc' dir='ltr'>ιιι</span> <span class='ocrx_word' id='word_1_411' title='bbox 1261 2851 1319 2887; x_wconf 89' lang='lat' dir='ltr'>mss.</span> <span class='ocrx_word' id='word_1_412' title='bbox 1331 2833 1502 2900; x_wconf 73' lang='lat' dir='ltr'>reltqenereru.</span> 
     </span>
     <span class='ocr_line' id='line_1_31' title="bbox 310 2896 1602 2972; baseline -0.029 -11"><span class='ocrx_word' id='word_1_413' title='bbox 310 2906 385 2962; x_wconf 78' lang='lat' dir='ltr'>diisso</span> <span class='ocrx_word' id='word_1_414' title='bbox 407 2904 541 2972; x_wconf 67' lang='lat' dir='ltr'>conticeri.</span> <span class='ocrx_word' id='word_1_415' title='bbox 563 2904 634 2955; x_wconf 82' lang='lat' dir='ltr'>biens</span> <span class='ocrx_word' id='word_1_416' title='bbox 653 2902 760 2953; x_wconf 81' lang='lat' dir='ltr'>aucmris</span> <span class='ocrx_word' id='word_1_417' title='bbox 778 2907 817 2949; x_wconf 91' lang='lat' dir='ltr'>est</span> <span class='ocrx_word' id='word_1_418' title='bbox 836 2913 842 2949; x_wconf 92' lang='lat'>:</span> <span class='ocrx_word' id='word_1_419' title='bbox 861 2898 994 2948; x_wconf 86' lang='lat' dir='ltr'>ostendere</span> <span class='ocrx_word' id='word_1_420' title='bbox 1005 2899 1109 2959; x_wconf 86' lang='lat' dir='ltr'>primum</span> <span class='ocrx_word' id='word_1_421' title='bbox 1192 2896 1246 2947; x_wconf 66' lang='lat'>(110</span> <span class='ocrx_word' id='word_1_422' title='bbox 1254 2912 1301 2949; x_wconf 68' lang='lat' dir='ltr'>ms,</span> <span class='ocrx_word' id='word_1_423' title='bbox 1314 2900 1341 2949; x_wconf 56' lang='lat' dir='ltr'>s,</span> <span class='ocrx_word' id='word_1_424' title='bbox 1355 2898 1385 2949; x_wconf 51' lang='lat' dir='ltr'>G,</span> <span class='ocrx_word' id='word_1_425' title='bbox 1399 2901 1495 2952; x_wconf 50' lang='lat' dir='ltr'>,ddunt</span> <span class='ocrx_word' id='word_1_426' title='bbox 1505 2899 1602 2968; x_wconf 45' lang='lat' dir='ltr'>,Im-m·</span> 
     </span>
     <span class='ocr_line' id='line_1_32' title="bbox 303 2956 1556 3036; baseline -0.017 -14"><span class='ocrx_word' id='word_1_427' title='bbox 303 2976 408 3036; x_wconf 87' lang='lat' dir='ltr'>eportet</span> <span class='ocrx_word' id='word_1_428' title='bbox 417 2977 508 3034; x_wconf 84' lang='lat' dir='ltr'>quauta</span> <span class='ocrx_word' id='word_1_429' title='bbox 520 2967 696 3029; x_wconf 62' lang='lat' dir='ltr'>laetitiaqurtn</span> <span class='ocrx_word' id='word_1_430' title='bbox 706 2962 821 3026; x_wconf 75' lang='lat' dir='ltr'>malignis</span> <span class='ocrx_word' id='word_1_431' title='bbox 829 2960 927 3023; x_wconf 76' lang='lat' dir='ltr'>gaudiis</span> <span class='ocrx_word' id='word_1_432' title='bbox 939 2958 1021 3010; x_wconf 84' lang='lat' dir='ltr'>allecti</span> <span class='ocrx_word' id='word_1_433' title='bbox 1031 2956 1110 3009; x_wconf 88' lang='lat' dir='ltr'>lueri-</span> <span class='ocrx_word' id='word_1_434' title='bbox 1194 2963 1206 2992; x_wconf 80' lang='lat'><em>⁰</em></span> <span class='ocrx_word' id='word_1_435' title='bbox 1218 2959 1247 3009; x_wconf 90' lang='lat' dir='ltr'>lu</span> <span class='ocrx_word' id='word_1_436' title='bbox 1258 2974 1303 3013; x_wconf 89' lang='lat' dir='ltr'>ms.</span> <span class='ocrx_word' id='word_1_437' title='bbox 1315 2960 1343 3012; x_wconf 84' lang='lat' dir='ltr'>s.</span> <span class='ocrx_word' id='word_1_438' title='bbox 1354 2960 1384 3011; x_wconf 82' lang='lat' dir='ltr'>G.</span> <span class='ocrx_word' id='word_1_439' title='bbox 1398 2961 1495 3015; x_wconf 62' lang='lat' dir='ltr'>additur</span> <span class='ocrx_word' id='word_1_440' title='bbox 1506 2977 1556 3017; x_wconf 55' lang='grc' dir='ltr'>ω),</span> 
     </span>
    </p>
   </div>
   <div class='ocr_carea' id='block_1_7' title="bbox 1023 3040 1369 3112">
    <p class='ocr_par' dir='ltr' id='par_1_8' title="bbox 1023 3040 1369 3112">
     <span class='ocr_line' id='line_1_33' title="bbox 1023 3040 1369 3112; baseline 0.043 -14"><span class='ocrx_word' id='word_1_441' title='bbox 1023 3040 1204 3102; x_wconf 79' lang='lat' dir='ltr'>vhhloithll</span> <span class='ocrx_word' id='word_1_442' title='bbox 1218 3042 1342 3110; x_wconf 59' lang='lat' dir='ltr'>dormi</span> <span class='ocrx_word' id='word_1_443' title='bbox 1357 3052 1369 3112; x_wconf 85' lang='lat' dir='ltr'>ir</span> 
     </span>
    </p>
   </div>
   <div class='ocr_carea' id='block_1_8' title="bbox 310 3135 1940 3999">
    <p class='ocr_par' dir='ltr' id='par_1_9' title="bbox 310 3135 1940 3999">
     <span class='ocr_line' id='line_1_34' title="bbox 310 3135 1940 3216; baseline -0.016 -8"><span class='ocrx_word' id='word_1_444' title='bbox 310 3151 463 3212; x_wconf 81' lang='lat' dir='ltr'>veritatem,</span> <span class='ocrx_word' id='word_1_445' title='bbox 480 3156 510 3203; x_wconf 92' lang='lat' dir='ltr'>ut</span> <span class='ocrx_word' id='word_1_446' title='bbox 524 3145 664 3216; x_wconf 75' lang='lat' dir='ltr'>sequeutia</span> <span class='ocrx_word' id='word_1_447' title='bbox 679 3142 766 3211; x_wconf 86' lang='lat' dir='ltr'>palam</span> <span class='ocrx_word' id='word_1_448' title='bbox 785 3140 898 3196; x_wconf 85' lang='lat' dir='ltr'>iaciunt.</span> <span class='ocrx_word' id='word_1_449' title='bbox 915 3137 1025 3197; x_wconf 81' lang='lat' dir='ltr'>Priores</span> <span class='ocrx_word' id='word_1_450' title='bbox 1048 3135 1105 3191; x_wconf 90' lang='lat' dir='ltr'>edi·</span> <span class='ocrx_word' id='word_1_451' title='bbox 1122 3136 1146 3201; x_wconf 87' lang='lat' dir='ltr'>C</span> <span class='ocrx_word' id='word_1_452' title='bbox 1200 3135 1259 3207; x_wconf 75' lang='lat'><strong>(35)</strong></span> <span class='ocrx_word' id='word_1_453' title='bbox 1270 3136 1650 3211; x_wconf 83' lang='lat' dir='ltr'>dtiurimperotor.luliaons.</span> <span class='ocrx_word' id='word_1_454' title='bbox 1673 3142 1744 3199; x_wconf 86' lang='lat' dir='ltr'>lluic</span> <span class='ocrx_word' id='word_1_455' title='bbox 1758 3142 1900 3213; x_wconf 66' lang='lat' dir='ltr'>imperatori</span> <span class='ocrx_word' id='word_1_456' title='bbox 1913 3139 1940 3196; x_wconf 76' lang='grc' dir='ltr'>ιῑ.</span> 
     </span>
     <span class='ocr_line' id='line_1_35' title="bbox 311 3206 1940 3292; baseline -0.012 -13"><span class='ocrx_word' id='word_1_457' title='bbox 311 3226 411 3288; x_wconf 87' lang='lat' dir='ltr'>tiones,</span> <span class='ocrx_word' id='word_1_458' title='bbox 424 3220 494 3292; x_wconf 83' lang='lat' dir='ltr'>qnod</span> <span class='ocrx_word' id='word_1_459' title='bbox 505 3217 575 3272; x_wconf 83' lang='lat' dir='ltr'>robis</span> <span class='ocrx_word' id='word_1_460' title='bbox 584 3215 620 3271; x_wconf 83' lang='lat' dir='ltr'>ed</span> <span class='ocrx_word' id='word_1_461' title='bbox 633 3213 735 3286; x_wconf 86' lang='lat' dir='ltr'>pristini</span> <span class='ocrx_word' id='word_1_462' title='bbox 745 3212 840 3267; x_wconf 86' lang='lat' dir='ltr'>erroris</span> <span class='ocrx_word' id='word_1_463' title='bbox 853 3210 996 3266; x_wconf 85' lang='lat' dir='ltr'>libertatem</span> <span class='ocrx_word' id='word_1_464' title='bbox 1011 3206 1109 3262; x_wconf 86' lang='lat' dir='ltr'>iactam</span> <span class='ocrx_word' id='word_1_465' title='bbox 1165 3209 1267 3263; x_wconf 88' lang='lat' dir='ltr'>bellum</span> <span class='ocrx_word' id='word_1_466' title='bbox 1293 3210 1416 3266; x_wconf 88' lang='lat' dir='ltr'>obtulere</span> <span class='ocrx_word' id='word_1_467' title='bbox 1441 3210 1588 3268; x_wconf 77' lang='lat' dir='ltr'>bananiae</span> <span class='ocrx_word' id='word_1_468' title='bbox 1600 3253 1608 3276; x_wconf 91' lang='lat'>,</span> <span class='ocrx_word' id='word_1_469' title='bbox 1622 3223 1653 3268; x_wconf 89' lang='lat' dir='ltr'>ut</span> <span class='ocrx_word' id='word_1_470' title='bbox 1676 3215 1730 3269; x_wconf 80' lang='lat' dir='ltr'>sibi</span> <span class='ocrx_word' id='word_1_471' title='bbox 1753 3209 1940 3270; x_wconf 70' lang='lat' dir='ltr'>rmtineemntur</span> 
     </span>
     <span class='ocr_line' id='line_1_36' title="bbox 311 3279 1939 3355; baseline -0.01 -5"><span class='ocrx_word' id='word_1_472' title='bbox 311 3309 373 3350; x_wconf 89' lang='lat' dir='ltr'>esso</span> <span class='ocrx_word' id='word_1_473' title='bbox 387 3290 516 3355; x_wconf 73' lang='lat' dir='ltr'>courtier,</span> <span class='ocrx_word' id='word_1_474' title='bbox 532 3288 604 3344; x_wconf 93' lang='lat' dir='ltr'>unde</span> <span class='ocrx_word' id='word_1_475' title='bbox 618 3285 669 3342; x_wconf 84' lang='lat' dir='ltr'>leti</span> <span class='ocrx_word' id='word_1_476' title='bbox 683 3284 847 3347; x_wconf 89' lang='lat' dir='ltr'>mutatione,</span> <span class='ocrx_word' id='word_1_477' title='bbox 864 3280 933 3349; x_wconf 73' lang='lat' dir='ltr'>estod</span> <span class='ocrx_word' id='word_1_478' title='bbox 946 3280 987 3334; x_wconf 84' lang='lat' dir='ltr'>rel</span> <span class='ocrx_word' id='word_1_479' title='bbox 1001 3280 1105 3349; x_wconf 83' lang='lat' dir='ltr'>qourrdo</span> <span class='ocrx_word' id='word_1_480' title='bbox 1165 3279 1283 3335; x_wconf 86' lang='lat' dir='ltr'>basilicae</span> <span class='ocrx_word' id='word_1_481' title='bbox 1297 3295 1365 3351; x_wconf 79' lang='lat' dir='ltr'>otras</span> <span class='ocrx_word' id='word_1_482' title='bbox 1385 3280 1489 3352; x_wconf 79' lang='lat' dir='ltr'>ablatas</span> <span class='ocrx_word' id='word_1_483' title='bbox 1508 3284 1711 3352; x_wconf 78' lang='lat' dir='ltr'>quaerebantur,</span> <span class='ocrx_word' id='word_1_484' title='bbox 1726 3294 1753 3340; x_wconf 91' lang='lat' dir='ltr'>ut</span> <span class='ocrx_word' id='word_1_485' title='bbox 1774 3300 1805 3339; x_wconf 89' lang='lat' dir='ltr'>uc</span> <span class='ocrx_word' id='word_1_486' title='bbox 1819 3284 1939 3352; x_wconf 87' lang='lat' dir='ltr'>pristinam</span> 
     </span>
     <span class='ocr_line' id='line_1_37' title="bbox 312 3352 1940 3431; baseline -0.01 -13"><span class='ocrx_word' id='word_1_487' title='bbox 312 3365 382 3419; x_wconf 84' lang='lat' dir='ltr'>cobis</span> <span class='ocrx_word' id='word_1_488' title='bbox 395 3364 429 3416; x_wconf 88' lang='lat' dir='ltr'>nd</span> <span class='ocrx_word' id='word_1_489' title='bbox 451 3361 575 3431; x_wconf 85' lang='lat' dir='ltr'>pristinos</span> <span class='ocrx_word' id='word_1_490' title='bbox 588 3372 686 3413; x_wconf 86' lang='lat' dir='ltr'>errores</span> <span class='ocrx_word' id='word_1_491' title='bbox 700 3355 839 3408; x_wconf 85' lang='lat' dir='ltr'>libertatern</span> <span class='ocrx_word' id='word_1_492' title='bbox 855 3352 952 3422; x_wconf 78' lang='lat' dir='ltr'>sertem</span> <span class='ocrx_word' id='word_1_493' title='bbox 971 3365 1027 3427; x_wconf 79' lang='lat' dir='ltr'>esse</span> <span class='ocrx_word' id='word_1_494' title='bbox 1049 3364 1111 3403; x_wconf 83' lang='lat' dir='ltr'>cort·</span> <span class='ocrx_word' id='word_1_495' title='bbox 1164 3358 1397 3420; x_wconf 82' lang='lat' dir='ltr'>consequerentur</span> <span class='ocrx_word' id='word_1_496' title='bbox 1423 3352 1587 3408; x_wconf 82' lang='lat' dir='ltr'>libertatem.</span> <span class='ocrx_word' id='word_1_497' title='bbox 1623 3353 1712 3422; x_wconf 76' lang='lat' dir='ltr'>liuius</span> <span class='ocrx_word' id='word_1_498' title='bbox 1745 3356 1762 3410; x_wconf 86' lang='lat' dir='ltr'>li</span> <span class='ocrx_word' id='word_1_499' title='bbox 1799 3355 1824 3409; x_wconf 88' lang='lat' dir='ltr'>lh</span> <span class='ocrx_word' id='word_1_500' title='bbox 1850 3353 1940 3409; x_wconf 84' lang='lat' dir='ltr'>Jrrliane</span> 
     </span>
     <span class='ocr_line' id='line_1_38' title="bbox 314 3420 1939 3501; baseline -0.006 -14"><span class='ocrx_word' id='word_1_501' title='bbox 314 3434 388 3488; x_wconf 82' lang='grc' dir='ltr'>ιιιιιι.</span> <span class='ocrx_word' id='word_1_502' title='bbox 400 3430 478 3501; x_wconf 82' lang='lat' dir='ltr'>Quod</span> <span class='ocrx_word' id='word_1_503' title='bbox 490 3430 512 3484; x_wconf 89' lang='lat' dir='ltr'>si</span> <span class='ocrx_word' id='word_1_504' title='bbox 526 3428 588 3493; x_wconf 72' lang='lat' dir='ltr'>aruis</span> <span class='ocrx_word' id='word_1_505' title='bbox 598 3427 685 3487; x_wconf 87' lang='lat' dir='ltr'>malit,</span> <span class='ocrx_word' id='word_1_506' title='bbox 694 3425 761 3493; x_wconf 81' lang='lat' dir='ltr'>estod</span> <span class='ocrx_word' id='word_1_507' title='bbox 772 3424 844 3477; x_wconf 84' lang='lat' dir='ltr'>cobis</span> <span class='ocrx_word' id='word_1_508' title='bbox 856 3421 891 3474; x_wconf 86' lang='lat' dir='ltr'>od</span> <span class='ocrx_word' id='word_1_509' title='bbox 902 3420 1003 3490; x_wconf 77' lang='lat' dir='ltr'>pristini</span> <span class='ocrx_word' id='word_1_510' title='bbox 1015 3420 1112 3474; x_wconf 84' lang='lat' dir='ltr'>erroris</span> <span class='ocrx_word' id='word_1_511' title='bbox 1164 3421 1247 3475; x_wconf 89' lang='lat' dir='ltr'>oblati</span> <span class='ocrx_word' id='word_1_512' title='bbox 1264 3422 1388 3475; x_wconf 86' lang='lat' dir='ltr'>meminit</span> <span class='ocrx_word' id='word_1_513' title='bbox 1405 3421 1474 3475; x_wconf 85' lang='lat' dir='ltr'>inira</span> <span class='ocrx_word' id='word_1_514' title='bbox 1490 3423 1604 3489; x_wconf 87' lang='lat' dir='ltr'>Optatus</span> <span class='ocrx_word' id='word_1_515' title='bbox 1614 3424 1634 3478; x_wconf 87' lang='grc'>1.</span> <span class='ocrx_word' id='word_1_516' title='bbox 1649 3440 1696 3489; x_wconf 89' lang='grc' dir='ltr'>ιιι,</span> <span class='ocrx_word' id='word_1_517' title='bbox 1713 3426 1759 3482; x_wconf 90' lang='lat' dir='ltr'>ubi</span> <span class='ocrx_word' id='word_1_518' title='bbox 1776 3423 1877 3481; x_wconf 81' lang='lat' dir='ltr'>easdem</span> <span class='ocrx_word' id='word_1_519' title='bbox 1887 3438 1939 3492; x_wconf 86' lang='lat' dir='ltr'>pte·</span> 
     </span>
     <span class='ocr_line' id='line_1_39' title="bbox 315 3490 1939 3568; baseline -0.006 -10"><span class='ocrx_word' id='word_1_520' title='bbox 315 3503 457 3558; x_wconf 83' lang='lat' dir='ltr'>liberiorem</span> <span class='ocrx_word' id='word_1_521' title='bbox 469 3499 576 3553; x_wconf 84' lang='lat' dir='ltr'>rediisse</span> <span class='ocrx_word' id='word_1_522' title='bbox 588 3495 735 3566; x_wconf 72' lang='lat' dir='ltr'>reinciperet,</span> <span class='ocrx_word' id='word_1_523' title='bbox 751 3492 823 3563; x_wconf 84' lang='lat' dir='ltr'>qnod</span> <span class='ocrx_word' id='word_1_524' title='bbox 835 3492 867 3545; x_wconf 93' lang='lat' dir='ltr'>ad</span> <span class='ocrx_word' id='word_1_525' title='bbox 880 3490 1038 3545; x_wconf 80' lang='lat' dir='ltr'>halduinum</span> <span class='ocrx_word' id='word_1_526' title='bbox 1049 3504 1111 3557; x_wconf 90' lang='lat' dir='ltr'>pre·</span> <span class='ocrx_word' id='word_1_527' title='bbox 1163 3506 1210 3545; x_wconf 88' lang='lat' dir='ltr'>ces</span> <span class='ocrx_word' id='word_1_528' title='bbox 1221 3503 1353 3546; x_wconf 89' lang='lat' dir='ltr'>rneruorat</span> <span class='ocrx_word' id='word_1_529' title='bbox 1366 3508 1373 3544; x_wconf 71' lang='grc' dir='ltr'>ε</span> <span class='ocrx_word' id='word_1_530' title='bbox 1388 3493 1464 3547; x_wconf 83' lang='lat' dir='ltr'>detor</span> <span class='ocrx_word' id='word_1_531' title='bbox 1475 3508 1491 3545; x_wconf 89' lang='lat' dir='ltr'>o</span> <span class='ocrx_word' id='word_1_532' title='bbox 1502 3492 1625 3548; x_wconf 84' lang='lat' dir='ltr'>Cassiano</span> <span class='ocrx_word' id='word_1_533' title='bbox 1639 3494 1799 3568; x_wconf 70' lang='lat' dir='ltr'>deperiere,</span> <span class='ocrx_word' id='word_1_534' title='bbox 1813 3493 1905 3558; x_wconf 76' lang='lat' dir='ltr'>orne,</span> <span class='ocrx_word' id='word_1_535' title='bbox 1918 3500 1939 3544; x_wconf 82' lang='lat' dir='ltr'>et</span> 
     </span>
     <span class='ocr_line' id='line_1_40' title="bbox 316 3560 1940 3646; baseline -0.018 -18"><span class='ocrx_word' id='word_1_536' title='bbox 316 3575 386 3646; x_wconf 89' lang='lat' dir='ltr'>pius,</span> <span class='ocrx_word' id='word_1_537' title='bbox 403 3571 465 3627; x_wconf 82' lang='lat' dir='ltr'>alum</span> <span class='ocrx_word' id='word_1_538' title='bbox 479 3566 575 3625; x_wconf 87' lang='lat' dir='ltr'>eadem</span> <span class='ocrx_word' id='word_1_539' title='bbox 588 3569 624 3622; x_wconf 90' lang='lat' dir='ltr'>sit</span> <span class='ocrx_word' id='word_1_540' title='bbox 637 3563 786 3625; x_wconf 88' lang='lat' dir='ltr'>sententia,</span> <span class='ocrx_word' id='word_1_541' title='bbox 799 3561 844 3631; x_wconf 91' lang='lat' dir='ltr'>pili</span> <span class='ocrx_word' id='word_1_542' title='bbox 857 3578 909 3614; x_wconf 91' lang='lat' dir='ltr'>non</span> <span class='ocrx_word' id='word_1_543' title='bbox 923 3562 1036 3614; x_wconf 86' lang='lat' dir='ltr'>interest</span> <span class='ocrx_word' id='word_1_544' title='bbox 1051 3570 1111 3640; x_wconf 79' lang='lat' dir='ltr'>utro</span> <span class='ocrx_word' id='word_1_545' title='bbox 1164 3562 1262 3616; x_wconf 79' lang='lat' dir='ltr'>ceteris</span> <span class='ocrx_word' id='word_1_546' title='bbox 1272 3562 1397 3631; x_wconf 81' lang='lat' dir='ltr'>episcopis</span> <span class='ocrx_word' id='word_1_547' title='bbox 1409 3563 1490 3633; x_wconf 86' lang='lat' dir='ltr'>portis</span> <span class='ocrx_word' id='word_1_548' title='bbox 1504 3560 1611 3620; x_wconf 84' lang='lat' dir='ltr'>Derratr&#39;.</span> <span class='ocrx_word' id='word_1_549' title='bbox 1625 3563 1713 3635; x_wconf 71' lang='lat' dir='ltr'>liujus</span> <span class='ocrx_word' id='word_1_550' title='bbox 1725 3566 1805 3622; x_wconf 61' lang='lat' dir='ltr'>eriam</span> <span class='ocrx_word' id='word_1_551' title='bbox 1815 3579 1882 3634; x_wconf 50' lang='grc' dir='ltr'>ηρ,</span> <span class='ocrx_word' id='word_1_552' title='bbox 1893 3576 1940 3617; x_wconf 60' lang='lat' dir='ltr'>me.</span> 
     </span>
     <span class='ocr_line' id='line_1_41' title="bbox 317 3629 1938 3714; baseline -0.006 -15"><span class='ocrx_word' id='word_1_553' title='bbox 317 3644 398 3699; x_wconf 85' lang='lat' dir='ltr'>nrede</span> <span class='ocrx_word' id='word_1_554' title='bbox 412 3642 494 3714; x_wconf 70' lang='lat' dir='ltr'>legas.</span> <span class='ocrx_word' id='word_1_555' title='bbox 502 3639 531 3695; x_wconf 89' lang='lat' dir='ltr'>Si</span> <span class='ocrx_word' id='word_1_556' title='bbox 545 3639 605 3709; x_wconf 83' lang='lat' dir='ltr'>ernis</span> <span class='ocrx_word' id='word_1_557' title='bbox 620 3644 761 3707; x_wconf 79' lang='lat' dir='ltr'>praterea,</span> <span class='ocrx_word' id='word_1_558' title='bbox 773 3633 818 3702; x_wconf 84' lang='lat' dir='ltr'>qni</span> <span class='ocrx_word' id='word_1_559' title='bbox 832 3646 945 3686; x_wconf 86' lang='lat' dir='ltr'>errorem</span> <span class='ocrx_word' id='word_1_560' title='bbox 961 3644 1008 3697; x_wconf 88' lang='lat' dir='ltr'>pro</span> <span class='ocrx_word' id='word_1_561' title='bbox 1018 3629 1112 3685; x_wconf 81' lang='lat' dir='ltr'>cosilio</span> <span class='ocrx_word' id='word_1_562' title='bbox 1164 3631 1242 3686; x_wconf 81' lang='lat' dir='ltr'>minii</span> <span class='ocrx_word' id='word_1_563' title='bbox 1252 3631 1429 3700; x_wconf 75' lang='lat' dir='ltr'>Arrgrtstinus,</span> <span class='ocrx_word' id='word_1_564' title='bbox 1440 3632 1604 3702; x_wconf 70' lang='lat' dir='ltr'>eosdemque</span> <span class='ocrx_word' id='word_1_565' title='bbox 1617 3638 1676 3703; x_wconf 81' lang='lat' dir='ltr'>ejus</span> <span class='ocrx_word' id='word_1_566' title='bbox 1687 3647 1813 3693; x_wconf 89' lang='lat' dir='ltr'>auctores</span> <span class='ocrx_word' id='word_1_567' title='bbox 1826 3633 1938 3689; x_wconf 72' lang='lat' dir='ltr'>ootoittsl</span> 
     </span>
     <span class='ocr_line' id='line_1_42' title="bbox 314 3701 1936 3785; baseline -0.007 -14"><span class='ocrx_word' id='word_1_568' title='bbox 314 3717 348 3772; x_wconf 86' lang='lat' dir='ltr'>ab</span> <span class='ocrx_word' id='word_1_569' title='bbox 358 3713 456 3785; x_wconf 87' lang='lat' dir='ltr'>Optato</span> <span class='ocrx_word' id='word_1_570' title='bbox 471 3712 586 3782; x_wconf 91' lang='lat' dir='ltr'>positum</span> <span class='ocrx_word' id='word_1_571' title='bbox 603 3708 647 3764; x_wconf 90' lang='lat' dir='ltr'>hic</span> <span class='ocrx_word' id='word_1_572' title='bbox 661 3715 808 3778; x_wconf 89' lang='lat' dir='ltr'>putet,non</span> <span class='ocrx_word' id='word_1_573' title='bbox 822 3701 900 3756; x_wconf 78' lang='lat' dir='ltr'>ualde</span> <span class='ocrx_word' id='word_1_574' title='bbox 915 3702 1109 3769; x_wconf 78' lang='lat' dir='ltr'>repugnarim,</span> <span class='ocrx_word' id='word_1_575' title='bbox 1165 3701 1193 3756; x_wconf 93' lang='grc' dir='ltr'>Ιιι</span> <span class='ocrx_word' id='word_1_576' title='bbox 1204 3717 1237 3757; x_wconf 91' lang='lat' dir='ltr'>eo</span> <span class='ocrx_word' id='word_1_577' title='bbox 1250 3702 1388 3756; x_wconf 79' lang='lat' dir='ltr'>iubenum</span> <span class='ocrx_word' id='word_1_578' title='bbox 1403 3702 1596 3768; x_wconf 83' lang='lat' dir='ltr'>imperatorem</span> <span class='ocrx_word' id='word_1_579' title='bbox 1612 3705 1801 3772; x_wconf 83' lang='lat' dir='ltr'>laudaverant,</span> <span class='ocrx_word' id='word_1_580' title='bbox 1814 3706 1936 3761; x_wconf 75' lang='lat' dir='ltr'>diceutes:</span> 
     </span>
     <span class='ocr_line' id='line_1_43' title="bbox 313 3769 1938 3843; baseline -0.007 -2"><span class='ocrx_word' id='word_1_581' title='bbox 313 3802 375 3841; x_wconf 88' lang='lat' dir='ltr'>curu</span> <span class='ocrx_word' id='word_1_582' title='bbox 385 3787 420 3841; x_wconf 90' lang='lat' dir='ltr'>de</span> <span class='ocrx_word' id='word_1_583' title='bbox 434 3777 715 3841; x_wconf 79' lang='lat' dir='ltr'>resecatisabexsilio</span> <span class='ocrx_word' id='word_1_584' title='bbox 726 3772 873 3830; x_wconf 82' lang='lat' dir='ltr'>Dentatistis</span> <span class='ocrx_word' id='word_1_585' title='bbox 884 3769 1048 3843; x_wconf 70' lang='lat' dir='ltr'>hicagatdi.</span> <span class='ocrx_word' id='word_1_586' title='bbox 1059 3770 1113 3827; x_wconf 85' lang='lat' dir='ltr'>Cs-</span> <span class='ocrx_word' id='word_1_587' title='bbox 1163 3773 1232 3842; x_wconf 83' lang='lat' dir='ltr'>quod</span> <span class='ocrx_word' id='word_1_588' title='bbox 1245 3771 1316 3840; x_wconf 83' lang='lat' dir='ltr'>opud</span> <span class='ocrx_word' id='word_1_589' title='bbox 1327 3787 1387 3827; x_wconf 82' lang='lat' dir='ltr'>eam</span> <span class='ocrx_word' id='word_1_590' title='bbox 1407 3771 1575 3843; x_wconf 79' lang='lat' dir='ltr'>solejustitio</span> <span class='ocrx_word' id='word_1_591' title='bbox 1590 3775 1695 3832; x_wconf 82' lang='lat' dir='ltr'>heberet</span> <span class='ocrx_word' id='word_1_592' title='bbox 1712 3779 1805 3833; x_wconf 80' lang='lat' dir='ltr'>tecum.</span> <span class='ocrx_word' id='word_1_593' title='bbox 1823 3774 1883 3830; x_wconf 83' lang='lat' dir='ltr'>lide</span> <span class='ocrx_word' id='word_1_594' title='bbox 1892 3774 1938 3829; x_wconf 78' lang='lat' dir='ltr'>do·</span> 
     </span>
     <span class='ocr_line' id='line_1_44' title="bbox 314 3844 1938 3923; baseline -0.01 -11"><span class='ocrx_word' id='word_1_595' title='bbox 314 3871 391 3913; x_wconf 84' lang='lat' dir='ltr'>sues.</span> <span class='ocrx_word' id='word_1_596' title='bbox 1078 3909 1084 3923; x_wconf 27' lang='grc' dir='ltr'>α</span> <span class='ocrx_word' id='word_1_597' title='bbox 1162 3852 1234 3913; x_wconf 76' lang='lat' dir='ltr'>gost.</span> <span class='ocrx_word' id='word_1_598' title='bbox 1249 3844 1370 3913; x_wconf 86' lang='lat' dir='ltr'>cpolim</span> <span class='ocrx_word' id='word_1_599' title='bbox 1383 3857 1473 3909; x_wconf 81' lang='lat' dir='ltr'>etsta,</span> <span class='ocrx_word' id='word_1_600' title='bbox 1487 3858 1559 3901; x_wconf 91' lang='lat' dir='ltr'>nnnc</span> <span class='ocrx_word' id='word_1_601' title='bbox 1570 3859 1614 3900; x_wconf 87' lang='lat' dir='ltr'>et.</span> <span class='ocrx_word' id='word_1_602' title='bbox 1627 3846 1692 3903; x_wconf 70' lang='lat' dir='ltr'>llaec</span> <span class='ocrx_word' id='word_1_603' title='bbox 1703 3849 1871 3919; x_wconf 72' lang='lat' dir='ltr'>contigerunt</span> <span class='ocrx_word' id='word_1_604' title='bbox 1880 3854 1938 3898; x_wconf 90' lang='lat' dir='ltr'>anno</span> 
     </span>
     <span class='ocr_line' id='line_1_45' title="bbox 350 3911 1226 3999; baseline -0.021 -17"><span class='ocrx_word' id='word_1_605' title='bbox 350 3926 408 3999; x_wconf 75' lang='lat' dir='ltr'>(ab)</span> <span class='ocrx_word' id='word_1_606' title='bbox 434 3919 615 3978; x_wconf 81' lang='lat' dir='ltr'>Constantinus</span> <span class='ocrx_word' id='word_1_607' title='bbox 625 3918 773 3985; x_wconf 83' lang='lat' dir='ltr'>imperator.</span> <span class='ocrx_word' id='word_1_608' title='bbox 785 3917 852 3984; x_wconf 75' lang='lat' dir='ltr'>Quae</span> <span class='ocrx_word' id='word_1_609' title='bbox 863 3914 898 3968; x_wconf 92' lang='lat' dir='ltr'>dc</span> <span class='ocrx_word' id='word_1_610' title='bbox 910 3926 973 3981; x_wconf 88' lang='lat' dir='ltr'>pace</span> <span class='ocrx_word' id='word_1_611' title='bbox 982 3911 1111 3966; x_wconf 81' lang='lat' dir='ltr'>Ecclesiae</span> <span class='ocrx_word' id='word_1_612' title='bbox 1162 3913 1226 3969; x_wconf 74' lang='lat'>362.</span> 
     </span>
    </p>
   </div>
   <div class='ocr_carea' id='block_1_9' title="bbox 314 3977 2012 5748">
    <p class='ocr_par' dir='ltr' id='par_1_10' title="bbox 314 3977 2012 5748">
     <span class='ocr_line' id='line_1_46' title="bbox 314 3977 2012 4076; baseline -0.038 -22"><span class='ocrx_word' id='word_1_613' title='bbox 314 3995 449 4055; x_wconf 75' lang='lat' dir='ltr'>Alricanae</span> <span class='ocrx_word' id='word_1_614' title='bbox 471 3982 997 4068; x_wconf 74' lang='lat' dir='ltr'>etbarnatistarnmstatuaitOptatus,</span> <span class='ocrx_word' id='word_1_615' title='bbox 1023 3982 1111 4061; x_wconf 72' lang='lat' dir='ltr'>magis</span> <span class='ocrx_word' id='word_1_616' title='bbox 1198 4003 1256 4075; x_wconf 61' lang='lat'>(35)</span> <span class='ocrx_word' id='word_1_617' title='bbox 1275 4003 1426 4060; x_wconf 54' lang='lat' dir='ltr'><strong><em>communia</em></strong></span> <span class='ocrx_word' id='word_1_618' title='bbox 1446 4003 1550 4076; x_wconf 40' lang='grc' dir='ltr'>Μία.</span> <span class='ocrx_word' id='word_1_619' title='bbox 1569 4004 1656 4062; x_wconf 65' lang='lat' dir='ltr'>Unum</span> <span class='ocrx_word' id='word_1_620' title='bbox 1685 3999 1938 4064; x_wconf 53' lang='lat' dir='ltr'>membrumdmnn</span> <span class='ocrx_word' id='word_1_621' title='bbox 2008 3977 2012 3990; x_wconf 79' lang='lat'>.</span> 
     </span>
     <span class='ocr_line' id='line_1_47' title="bbox 315 4056 1936 4147; baseline -0.02 -23"><span class='ocrx_word' id='word_1_622' title='bbox 315 4065 482 4125; x_wconf 87' lang='lat' dir='ltr'>conveniunt</span> <span class='ocrx_word' id='word_1_623' title='bbox 502 4060 657 4117; x_wconf 79' lang='lat' dir='ltr'>Cerretanus</span> <span class='ocrx_word' id='word_1_624' title='bbox 677 4073 757 4139; x_wconf 74' lang='grc' dir='ltr'>ιιιιιιιι</span> <span class='ocrx_word' id='word_1_625' title='bbox 776 4056 945 4112; x_wconf 86' lang='lat' dir='ltr'>Cortstantmt</span> <span class='ocrx_word' id='word_1_626' title='bbox 969 4065 1109 4132; x_wconf 81' lang='lat' dir='ltr'>cruperto:</span> <span class='ocrx_word' id='word_1_627' title='bbox 1162 4071 1243 4129; x_wconf 48' lang='lat' dir='ltr'>debet</span> <span class='ocrx_word' id='word_1_628' title='bbox 1260 4074 1346 4129; x_wconf 45' lang='lat' dir='ltr'>lami</span> <span class='ocrx_word' id='word_1_629' title='bbox 1365 4085 1412 4129; x_wconf 59' lang='lat' dir='ltr'>,m</span> <span class='ocrx_word' id='word_1_630' title='bbox 1431 4079 1607 4133; x_wconf 52' lang='lat' dir='ltr'><strong>commi:</strong></span> <span class='ocrx_word' id='word_1_631' title='bbox 1634 4079 1726 4147; x_wconf 55' lang='lat' dir='ltr'>mque</span> <span class='ocrx_word' id='word_1_632' title='bbox 1745 4094 1804 4134; x_wconf 56' lang='lat' dir='ltr'>cum</span> <span class='ocrx_word' id='word_1_633' title='bbox 1828 4074 1936 4131; x_wconf 49' lang='lat' dir='ltr'><strong>mahom,</strong></span> 
     </span>
     <span class='ocr_line' id='line_1_48' title="bbox 318 4128 1769 4215; baseline -0.02 -20"><span class='ocrx_word' id='word_1_634' title='bbox 318 4153 380 4195; x_wconf 81' lang='lat' dir='ltr'>num</span> <span class='ocrx_word' id='word_1_635' title='bbox 401 4146 524 4213; x_wconf 69' lang='lat' dir='ltr'>tempore</span> <span class='ocrx_word' id='word_1_636' title='bbox 546 4128 718 4186; x_wconf 85' lang='lat' dir='ltr'>Corrstantttu</span> <span class='ocrx_word' id='word_1_637' title='bbox 742 4143 795 4181; x_wconf 88' lang='lat' dir='ltr'>nou</span> <span class='ocrx_word' id='word_1_638' title='bbox 818 4134 881 4209; x_wconf 81' lang='lat' dir='ltr'>snnt</span> <span class='ocrx_word' id='word_1_639' title='bbox 894 4135 1038 4206; x_wconf 69' lang='lat' dir='ltr'>repressi,</span> <span class='ocrx_word' id='word_1_640' title='bbox 1060 4135 1111 4177; x_wconf 83' lang='lat' dir='ltr'>nco</span> <span class='ocrx_word' id='word_1_641' title='bbox 1162 4144 1301 4215; x_wconf 49' lang='lat' dir='ltr'><strong>gauderet,</strong></span> <span class='ocrx_word' id='word_1_642' title='bbox 1316 4144 1640 4215; x_wconf 54' lang='lat' dir='ltr'><strong>gaudebambonmm</strong></span> <span class='ocrx_word' id='word_1_643' title='bbox 1652 4149 1769 4207; x_wconf 38' lang='lat' dir='ltr'>mm.</span> 
     </span>
     <span class='ocr_line' id='line_1_49' title="bbox 315 4190 1110 4275; baseline -0.031 -7"><span class='ocrx_word' id='word_1_644' title='bbox 315 4208 436 4268; x_wconf 77' lang='lat' dir='ltr'>basilicis</span> <span class='ocrx_word' id='word_1_645' title='bbox 453 4203 577 4275; x_wconf 85' lang='lat' dir='ltr'>spoliati,</span> <span class='ocrx_word' id='word_1_646' title='bbox 590 4198 638 4254; x_wconf 90' lang='lat' dir='ltr'>sed</span> <span class='ocrx_word' id='word_1_647' title='bbox 651 4199 701 4254; x_wconf 90' lang='lat' dir='ltr'>sub</span> <span class='ocrx_word' id='word_1_648' title='bbox 721 4198 875 4253; x_wconf 82' lang='lat' dir='ltr'>Constamrs</span> <span class='ocrx_word' id='word_1_649' title='bbox 895 4207 1016 4261; x_wconf 80' lang='lat' dir='ltr'>imperto.</span> <span class='ocrx_word' id='word_1_650' title='bbox 1034 4190 1110 4245; x_wconf 80' lang='lat' dir='ltr'>Prae·</span> 
     </span>
     <span class='ocr_line' id='line_1_50' title="bbox 316 4257 1938 4339; baseline -0.014 -3"><span class='ocrx_word' id='word_1_651' title='bbox 316 4288 392 4336; x_wconf 88' lang='lat' dir='ltr'>terea</span> <span class='ocrx_word' id='word_1_652' title='bbox 411 4276 535 4332; x_wconf 85' lang='lat' dir='ltr'>lulianus</span> <span class='ocrx_word' id='word_1_653' title='bbox 549 4269 640 4326; x_wconf 82' lang='lat' dir='ltr'>statim</span> <span class='ocrx_word' id='word_1_654' title='bbox 666 4268 747 4339; x_wconf 80' lang='lat' dir='ltr'>hujus</span> <span class='ocrx_word' id='word_1_655' title='bbox 773 4265 945 4337; x_wconf 90' lang='lat' dir='ltr'>imperatoris</span> <span class='ocrx_word' id='word_1_656' title='bbox 969 4275 1110 4318; x_wconf 85' lang='lat' dir='ltr'>successor</span> <span class='ocrx_word' id='word_1_657' title='bbox 1198 4260 1401 4330; x_wconf 69' lang='lat' dir='ltr'>(strenuorum</span> <span class='ocrx_word' id='word_1_658' title='bbox 1422 4261 1520 4332; x_wconf 85' lang='lat' dir='ltr'>operati</span> <span class='ocrx_word' id='word_1_659' title='bbox 1541 4270 1600 4317; x_wconf 84' lang='lat' dir='ltr'>snat</span> <span class='ocrx_word' id='word_1_660' title='bbox 1623 4265 1716 4327; x_wconf 80' lang='lat' dir='ltr'>codes,</span> <span class='ocrx_word' id='word_1_661' title='bbox 1739 4275 1792 4322; x_wconf 87' lang='lat' dir='ltr'>etc.</span> <span class='ocrx_word' id='word_1_662' title='bbox 1814 4259 1877 4331; x_wconf 82' lang='lat' dir='ltr'>Quid</span> <span class='ocrx_word' id='word_1_663' title='bbox 1896 4257 1938 4313; x_wconf 81' lang='lat' dir='ltr'>hot</span> 
     </span>
     <span class='ocr_line' id='line_1_51' title="bbox 316 4332 1937 4422; baseline -0.012 -14"><span class='ocrx_word' id='word_1_664' title='bbox 316 4349 484 4422; x_wconf 84' lang='lat' dir='ltr'>perhibetur.</span> <span class='ocrx_word' id='word_1_665' title='bbox 505 4339 688 4399; x_wconf 82' lang='lat' dir='ltr'>Nihilominus</span> <span class='ocrx_word' id='word_1_666' title='bbox 701 4338 764 4411; x_wconf 82' lang='lat' dir='ltr'>unia</span> <span class='ocrx_word' id='word_1_667' title='bbox 784 4338 811 4393; x_wconf 92' lang='lat' dir='ltr'>iu</span> <span class='ocrx_word' id='word_1_668' title='bbox 834 4334 959 4392; x_wconf 89' lang='lat' dir='ltr'>otuuibns</span> <span class='ocrx_word' id='word_1_669' title='bbox 979 4346 1044 4387; x_wconf 89' lang='lat' dir='ltr'>mss.</span> <span class='ocrx_word' id='word_1_670' title='bbox 1072 4332 1110 4387; x_wconf 85' lang='lat' dir='ltr'>le·</span> <span class='ocrx_word' id='word_1_671' title='bbox 1162 4332 1628 4399; x_wconf 76' lang='lat' dir='ltr'>noriestianergoomnialacinera</span> <span class='ocrx_word' id='word_1_672' title='bbox 1643 4349 1730 4402; x_wconf 78' lang='lat' dir='ltr'>eserie</span> <span class='ocrx_word' id='word_1_673' title='bbox 1743 4335 1811 4391; x_wconf 87' lang='lat' dir='ltr'>adeo</span> <span class='ocrx_word' id='word_1_674' title='bbox 1828 4343 1937 4388; x_wconf 74' lang='lat' dir='ltr'>essetn-</span> 
     </span>
     <span class='ocr_line' id='line_1_52' title="bbox 316 4395 1938 4493; baseline -0.019 -16"><span class='ocrx_word' id='word_1_675' title='bbox 316 4423 405 4493; x_wconf 70' lang='lat' dir='ltr'>gimus</span> <span class='ocrx_word' id='word_1_676' title='bbox 418 4414 601 4477; x_wconf 71' lang='lat' dir='ltr'>committito,</span> <span class='ocrx_word' id='word_1_677' title='bbox 618 4410 685 4467; x_wconf 89' lang='lat' dir='ltr'>nihil</span> <span class='ocrx_word' id='word_1_678' title='bbox 705 4408 901 4465; x_wconf 86' lang='lat' dir='ltr'>immutandum</span> <span class='ocrx_word' id='word_1_679' title='bbox 924 4417 986 4461; x_wconf 84' lang='lat' dir='ltr'>esse</span> <span class='ocrx_word' id='word_1_680' title='bbox 1000 4403 1111 4460; x_wconf 89' lang='lat' dir='ltr'>censui·</span> <span class='ocrx_word' id='word_1_681' title='bbox 1162 4403 1260 4457; x_wconf 89' lang='lat' dir='ltr'>bilibus</span> <span class='ocrx_word' id='word_1_682' title='bbox 1276 4403 1363 4457; x_wconf 93' lang='lat' dir='ltr'>modis</span> <span class='ocrx_word' id='word_1_683' title='bbox 1384 4403 1497 4467; x_wconf 88' lang='lat' dir='ltr'>atrocia,</span> <span class='ocrx_word' id='word_1_684' title='bbox 1517 4418 1578 4470; x_wconf 78' lang='lat' dir='ltr'>truae</span> <span class='ocrx_word' id='word_1_685' title='bbox 1594 4404 1731 4474; x_wconf 84' lang='lat' dir='ltr'>judicibus</span> <span class='ocrx_word' id='word_1_686' title='bbox 1746 4404 1836 4461; x_wconf 87' lang='lat' dir='ltr'>reierri</span> <span class='ocrx_word' id='word_1_687' title='bbox 1854 4395 1938 4457; x_wconf 82' lang='lat' dir='ltr'>solitar</span> 
     </span>
     <span class='ocr_line' id='line_1_53' title="bbox 317 4466 1936 4548; baseline -0.014 0"><span class='ocrx_word' id='word_1_688' title='bbox 317 4505 389 4548; x_wconf 90' lang='lat' dir='ltr'>mus.</span> <span class='ocrx_word' id='word_1_689' title='bbox 404 4488 441 4544; x_wconf 86' lang='lat' dir='ltr'>lle</span> <span class='ocrx_word' id='word_1_690' title='bbox 454 4486 512 4542; x_wconf 86' lang='lat' dir='ltr'>Put.</span> <span class='ocrx_word' id='word_1_691' title='bbox 1162 4471 1216 4528; x_wconf 87' lang='lat' dir='ltr'>Nec</span> <span class='ocrx_word' id='word_1_692' title='bbox 1240 4472 1339 4527; x_wconf 87' lang='lat' dir='ltr'>srriheit</span> <span class='ocrx_word' id='word_1_693' title='bbox 1359 4472 1545 4528; x_wconf 89' lang='lat' dir='ltr'>demonstrare</span> <span class='ocrx_word' id='word_1_694' title='bbox 1568 4477 1679 4530; x_wconf 88' lang='lat' dir='ltr'>missam</span> <span class='ocrx_word' id='word_1_695' title='bbox 1705 4476 1856 4533; x_wconf 88' lang='lat' dir='ltr'>relationem</span> <span class='ocrx_word' id='word_1_696' title='bbox 1874 4466 1936 4538; x_wconf 79' lang='lat' dir='ltr'>judi·</span> 
     </span>
     <span class='ocr_line' id='line_1_54' title="bbox 354 4516 1936 4633; baseline -0.017 -16"><span class='ocrx_word' id='word_1_697' title='bbox 354 4557 412 4633; x_wconf 73' lang='lat' dir='ltr'>(dl)</span> <span class='ocrx_word' id='word_1_698' title='bbox 432 4558 487 4614; x_wconf 82' lang='lat' dir='ltr'>sao</span> <span class='ocrx_word' id='word_1_699' title='bbox 499 4564 551 4611; x_wconf 87' lang='lat' dir='ltr'>toto</span> <span class='ocrx_word' id='word_1_700' title='bbox 562 4553 625 4609; x_wconf 80' lang='lat' dir='ltr'>ereio</span> <span class='ocrx_word' id='word_1_701' title='bbox 635 4551 704 4620; x_wconf 71' lang='lat' dir='ltr'>pillos</span> <span class='ocrx_word' id='word_1_702' title='bbox 715 4566 773 4604; x_wconf 82' lang='lat' dir='ltr'>suos</span> <span class='ocrx_word' id='word_1_703' title='bbox 783 4550 899 4623; x_wconf 72' lang='lat' dir='ltr'>pendens</span> <span class='ocrx_word' id='word_1_704' title='bbox 911 4547 939 4601; x_wconf 88' lang='lat' dir='ltr'>in</span> <span class='ocrx_word' id='word_1_705' title='bbox 951 4560 1001 4599; x_wconf 82' lang='lat' dir='ltr'>rouo</span> <span class='ocrx_word' id='word_1_706' title='bbox 1012 4545 1109 4598; x_wconf 82' lang='lat' dir='ltr'>rideret</span> <span class='ocrx_word' id='word_1_707' title='bbox 1121 4516 1148 4577; x_wconf 80' lang='grc' dir='ltr'>Ῑ)</span> <span class='ocrx_word' id='word_1_708' title='bbox 1160 4544 1248 4611; x_wconf 82' lang='lat' dir='ltr'>cilius,</span> <span class='ocrx_word' id='word_1_709' title='bbox 1264 4550 1294 4598; x_wconf 90' lang='lat' dir='ltr'>ut</span> <span class='ocrx_word' id='word_1_710' title='bbox 1303 4544 1328 4598; x_wconf 90' lang='lat' dir='ltr'>iu</span> <span class='ocrx_word' id='word_1_711' title='bbox 1345 4542 1422 4597; x_wconf 88' lang='lat' dir='ltr'>nobis</span> <span class='ocrx_word' id='word_1_712' title='bbox 1436 4543 1545 4612; x_wconf 79' lang='lat' dir='ltr'>prurigo</span> <span class='ocrx_word' id='word_1_713' title='bbox 1555 4544 1643 4613; x_wconf 84' lang='lat' dir='ltr'>aliena</span> <span class='ocrx_word' id='word_1_714' title='bbox 1659 4546 1779 4602; x_wconf 87' lang='lat' dir='ltr'>ntntaudi</span> <span class='ocrx_word' id='word_1_715' title='bbox 1792 4545 1936 4600; x_wconf 74' lang='lat' dir='ltr'>demonstra</span> 
     </span>
     <span class='ocr_line' id='line_1_55' title="bbox 315 4613 1937 4692; baseline -0.02 -1"><span class='ocrx_word' id='word_1_716' title='bbox 315 4639 405 4691; x_wconf 86' lang='lat' dir='ltr'>soutto</span> <span class='ocrx_word' id='word_1_717' title='bbox 415 4638 497 4684; x_wconf 86' lang='lat' dir='ltr'>motet</span> <span class='ocrx_word' id='word_1_718' title='bbox 510 4624 638 4682; x_wconf 84' lang='lat' dir='ltr'>Ecclesia.</span> <span class='ocrx_word' id='word_1_719' title='bbox 652 4622 795 4692; x_wconf 84' lang='lat' dir='ltr'>Perperam</span> <span class='ocrx_word' id='word_1_720' title='bbox 810 4618 899 4674; x_wconf 90' lang='lat' dir='ltr'>nreudi</span> <span class='ocrx_word' id='word_1_721' title='bbox 912 4626 1053 4684; x_wconf 87' lang='lat' dir='ltr'>suspectus</span> <span class='ocrx_word' id='word_1_722' title='bbox 1065 4614 1108 4668; x_wconf 87' lang='lat' dir='ltr'>hir.</span> <span class='ocrx_word' id='word_1_723' title='bbox 1159 4623 1246 4679; x_wconf 89' lang='lat' dir='ltr'>retur,</span> <span class='ocrx_word' id='word_1_724' title='bbox 1259 4613 1330 4683; x_wconf 81' lang='lat' dir='ltr'>etrod</span> <span class='ocrx_word' id='word_1_725' title='bbox 1346 4613 1448 4682; x_wconf 85' lang='lat' dir='ltr'>putarit</span> <span class='ocrx_word' id='word_1_726' title='bbox 1461 4613 1503 4667; x_wconf 88' lang='grc' dir='ltr'>ιιι</span> <span class='ocrx_word' id='word_1_727' title='bbox 1521 4613 1694 4672; x_wconf 88' lang='lat' dir='ltr'>doctissimus</span> <span class='ocrx_word' id='word_1_728' title='bbox 1709 4618 1753 4687; x_wconf 71' lang='lat' dir='ltr'>arui</span> <span class='ocrx_word' id='word_1_729' title='bbox 1774 4613 1884 4686; x_wconf 71' lang='lat' dir='ltr'>pagellas</span> <span class='ocrx_word' id='word_1_730' title='bbox 1897 4620 1937 4662; x_wconf 77' lang='grc' dir='ltr'>ιιι</span> 
     </span>
     <span class='ocr_line' id='line_1_56' title="bbox 314 4684 1935 4768; baseline -0.015 -9"><span class='ocrx_word' id='word_1_731' title='bbox 314 4705 409 4768; x_wconf 88' lang='lat' dir='ltr'>locus,</span> <span class='ocrx_word' id='word_1_732' title='bbox 425 4702 465 4756; x_wconf 90' lang='lat' dir='ltr'>sic</span> <span class='ocrx_word' id='word_1_733' title='bbox 479 4704 574 4754; x_wconf 65' lang='lat' dir='ltr'>auctior</span> <span class='ocrx_word' id='word_1_734' title='bbox 586 4709 639 4749; x_wconf 89' lang='lat' dir='ltr'>non</span> <span class='ocrx_word' id='word_1_735' title='bbox 654 4693 737 4747; x_wconf 89' lang='lat' dir='ltr'>semel</span> <span class='ocrx_word' id='word_1_736' title='bbox 759 4690 832 4745; x_wconf 90' lang='lat' dir='ltr'>alibi.</span> <span class='ocrx_word' id='word_1_737' title='bbox 856 4690 959 4743; x_wconf 84' lang='lat' dir='ltr'>&#39;lamen</span> <span class='ocrx_word' id='word_1_738' title='bbox 984 4684 1108 4741; x_wconf 81' lang='lat' dir='ltr'>Barrhius</span> <span class='ocrx_word' id='word_1_739' title='bbox 1162 4695 1248 4738; x_wconf 88' lang='lat' dir='ltr'>tarum</span> <span class='ocrx_word' id='word_1_740' title='bbox 1262 4686 1360 4753; x_wconf 81' lang='lat' dir='ltr'>Optato</span> <span class='ocrx_word' id='word_1_741' title='bbox 1373 4700 1427 4737; x_wconf 92' lang='lat' dir='ltr'>nen</span> <span class='ocrx_word' id='word_1_742' title='bbox 1441 4684 1478 4738; x_wconf 87' lang='lat' dir='ltr'>ita</span> <span class='ocrx_word' id='word_1_743' title='bbox 1488 4686 1552 4739; x_wconf 90' lang='lat' dir='ltr'>olim</span> <span class='ocrx_word' id='word_1_744' title='bbox 1566 4684 1683 4755; x_wconf 83' lang='lat' dir='ltr'>adjecit;</span> <span class='ocrx_word' id='word_1_745' title='bbox 1698 4686 1768 4743; x_wconf 88' lang='lat' dir='ltr'>hanc</span> <span class='ocrx_word' id='word_1_746' title='bbox 1781 4685 1848 4742; x_wconf 88' lang='lat' dir='ltr'>enirn</span> <span class='ocrx_word' id='word_1_747' title='bbox 1864 4689 1935 4756; x_wconf 72' lang='grc' dir='ltr'>ιιιιιι</span> 
     </span>
     <span class='ocr_line' id='line_1_57' title="bbox 316 4751 1935 4845; baseline -0.015 -17"><span class='ocrx_word' id='word_1_748' title='bbox 316 4775 433 4844; x_wconf 84' lang='lat' dir='ltr'>reponit,</span> <span class='ocrx_word' id='word_1_749' title='bbox 447 4768 563 4845; x_wconf 74' lang='lat' dir='ltr'>peredeus</span> <span class='ocrx_word' id='word_1_750' title='bbox 572 4766 598 4819; x_wconf 91' lang='lat' dir='ltr'>in</span> <span class='ocrx_word' id='word_1_751' title='bbox 609 4765 669 4818; x_wconf 88' lang='lat' dir='ltr'>sinu</span> <span class='ocrx_word' id='word_1_752' title='bbox 679 4762 774 4815; x_wconf 84' lang='lat' dir='ltr'>rideret</span> <span class='ocrx_word' id='word_1_753' title='bbox 786 4769 874 4814; x_wconf 80' lang='lat' dir='ltr'>suntote</span> <span class='ocrx_word' id='word_1_754' title='bbox 885 4768 966 4812; x_wconf 77' lang='lat' dir='ltr'>orator</span> <span class='ocrx_word' id='word_1_755' title='bbox 979 4753 1105 4816; x_wconf 84' lang='lat' dir='ltr'>Ecclesia,</span> <span class='ocrx_word' id='word_1_756' title='bbox 1161 4770 1211 4810; x_wconf 88' lang='lat' dir='ltr'>nes</span> <span class='ocrx_word' id='word_1_757' title='bbox 1224 4764 1288 4808; x_wconf 90' lang='lat' dir='ltr'>ante</span> <span class='ocrx_word' id='word_1_758' title='bbox 1310 4753 1511 4823; x_wconf 70' lang='lat' dir='ltr'>ignorabamus.</span> <span class='ocrx_word' id='word_1_759' title='bbox 1533 4755 1587 4811; x_wconf 84' lang='lat' dir='ltr'>Sed</span> <span class='ocrx_word' id='word_1_760' title='bbox 1602 4757 1675 4812; x_wconf 90' lang='lat' dir='ltr'>dicat</span> <span class='ocrx_word' id='word_1_761' title='bbox 1688 4757 1753 4813; x_wconf 91' lang='lat' dir='ltr'>mihi</span> <span class='ocrx_word' id='word_1_762' title='bbox 1766 4756 1852 4815; x_wconf 86' lang='lat' dir='ltr'>relirn,</span> <span class='ocrx_word' id='word_1_763' title='bbox 1864 4751 1935 4828; x_wconf 80' lang='lat' dir='ltr'>sluttr-</span> 
     </span>
     <span class='ocr_line' id='line_1_58' title="bbox 317 4822 1935 4907; baseline -0.016 -8"><span class='ocrx_word' id='word_1_764' title='bbox 317 4843 521 4899; x_wconf 84' lang='lat' dir='ltr'>laudamentum</span> <span class='ocrx_word' id='word_1_765' title='bbox 535 4834 682 4907; x_wconf 89' lang='lat' dir='ltr'>peuensde</span> <span class='ocrx_word' id='word_1_766' title='bbox 696 4832 785 4885; x_wconf 80' lang='lat' dir='ltr'>verinis</span> <span class='ocrx_word' id='word_1_767' title='bbox 798 4830 845 4884; x_wconf 88' lang='lat' dir='ltr'>lib.</span> <span class='ocrx_word' id='word_1_768' title='bbox 864 4842 902 4882; x_wconf 88' lang='grc' dir='ltr'>ιιι</span> <span class='ocrx_word' id='word_1_769' title='bbox 919 4846 926 4880; x_wconf 89' lang='lat'>:</span> <span class='ocrx_word' id='word_1_770' title='bbox 942 4827 1109 4896; x_wconf 84' lang='lat' dir='ltr'>Quarrdeaos</span> <span class='ocrx_word' id='word_1_771' title='bbox 1160 4825 1222 4881; x_wconf 88' lang='lat' dir='ltr'>dem</span> <span class='ocrx_word' id='word_1_772' title='bbox 1242 4825 1292 4879; x_wconf 82' lang='lat' dir='ltr'>ists</span> <span class='ocrx_word' id='word_1_773' title='bbox 1314 4840 1387 4878; x_wconf 88' lang='lat' dir='ltr'>mera</span> <span class='ocrx_word' id='word_1_774' title='bbox 1406 4824 1515 4894; x_wconf 74' lang='lat' dir='ltr'>prurigo</span> <span class='ocrx_word' id='word_1_775' title='bbox 1528 4834 1580 4889; x_wconf 88' lang='lat' dir='ltr'>est,</span> <span class='ocrx_word' id='word_1_776' title='bbox 1598 4841 1632 4881; x_wconf 90' lang='lat' dir='ltr'>an</span> <span class='ocrx_word' id='word_1_777' title='bbox 1654 4828 1715 4882; x_wconf 89' lang='lat' dir='ltr'>ideo</span> <span class='ocrx_word' id='word_1_778' title='bbox 1732 4825 1829 4883; x_wconf 79' lang='grc' dir='ltr'>ιιιιοιίι</span> <span class='ocrx_word' id='word_1_779' title='bbox 1840 4822 1935 4877; x_wconf 79' lang='lat' dir='ltr'>erinna</span> 
     </span>
     <span class='ocr_line' id='line_1_59' title="bbox 318 4881 1935 4979; baseline -0.017 -11"><span class='ocrx_word' id='word_1_780' title='bbox 318 4913 449 4969; x_wconf 74' lang='lat' dir='ltr'>Catholicis</span> <span class='ocrx_word' id='word_1_781' title='bbox 464 4910 507 4979; x_wconf 89' lang='lat' dir='ltr'>pio</span> <span class='ocrx_word' id='word_1_782' title='bbox 524 4911 583 4961; x_wconf 86' lang='lat' dir='ltr'>sinu</span> <span class='ocrx_word' id='word_1_783' title='bbox 596 4904 725 4973; x_wconf 82' lang='lat' dir='ltr'>suscipere</span> <span class='ocrx_word' id='word_1_784' title='bbox 736 4899 836 4955; x_wconf 78' lang='lat' dir='ltr'>dehere</span> <span class='ocrx_word' id='word_1_785' title='bbox 852 4897 979 4953; x_wconf 85' lang='lat' dir='ltr'>Ecclesia.</span> <span class='ocrx_word' id='word_1_786' title='bbox 999 4895 1109 4952; x_wconf 82' lang='lat' dir='ltr'>videet</span> <span class='ocrx_word' id='word_1_787' title='bbox 1160 4896 1280 4951; x_wconf 76' lang='lat' dir='ltr'>cudibus</span> <span class='ocrx_word' id='word_1_788' title='bbox 1291 4893 1410 4963; x_wconf 65' lang='lat' dir='ltr'>§irriserit</span> <span class='ocrx_word' id='word_1_789' title='bbox 1424 4894 1549 4963; x_wconf 85' lang='lat' dir='ltr'>Optatus,</span> <span class='ocrx_word' id='word_1_790' title='bbox 1564 4897 1626 4966; x_wconf 82' lang='lat' dir='ltr'>qnia</span> <span class='ocrx_word' id='word_1_791' title='bbox 1645 4897 1778 4968; x_wconf 85' lang='lat' dir='ltr'>judicibus</span> <span class='ocrx_word' id='word_1_792' title='bbox 1793 4899 1831 4948; x_wconf 78' lang='lat' dir='ltr'>ho</span> <span class='ocrx_word' id='word_1_793' title='bbox 1844 4881 1935 4947; x_wconf 79' lang='lat' dir='ltr'>relata!</span> 
     </span>
     <span class='ocr_line' id='line_1_60' title="bbox 318 4959 1935 5040; baseline -0.015 -2"><span class='ocrx_word' id='word_1_794' title='bbox 318 4981 367 5039; x_wconf 92' lang='lat' dir='ltr'>lib.</span> <span class='ocrx_word' id='word_1_795' title='bbox 381 4999 400 5035; x_wconf 96' lang='lat' dir='ltr'>t.</span> <span class='ocrx_word' id='word_1_796' title='bbox 413 4981 522 5036; x_wconf 80' lang='lat' dir='ltr'>leesor.</span> <span class='ocrx_word' id='word_1_797' title='bbox 546 4990 550 4995; x_wconf 85' lang='grc'><strong><em>’</em></strong></span> <span class='ocrx_word' id='word_1_798' title='bbox 1161 4965 1232 5021; x_wconf 87' lang='lat' dir='ltr'>Sane</span> <span class='ocrx_word' id='word_1_799' title='bbox 1246 4975 1288 5019; x_wconf 89' lang='lat' dir='ltr'>est</span> <span class='ocrx_word' id='word_1_800' title='bbox 1301 4965 1390 5033; x_wconf 79' lang='lat' dir='ltr'>aliqua</span> <span class='ocrx_word' id='word_1_801' title='bbox 1417 4967 1526 5037; x_wconf 69' lang='lat' dir='ltr'>prurigo</span> <span class='ocrx_word' id='word_1_802' title='bbox 1550 4967 1576 5021; x_wconf 89' lang='lat' dir='ltr'>in</span> <span class='ocrx_word' id='word_1_803' title='bbox 1596 4966 1822 5040; x_wconf 87' lang='lat' dir='ltr'>reprehendendis</span> <span class='ocrx_word' id='word_1_804' title='bbox 1838 4963 1898 5017; x_wconf 89' lang='lat' dir='ltr'>bene</span> <span class='ocrx_word' id='word_1_805' title='bbox 1914 4959 1935 5036; x_wconf 71' lang='grc' dir='ltr'>ιι</span> 
     </span>
     <span class='ocr_line' id='line_1_61' title="bbox 354 5035 1934 5127; baseline -0.015 -20"><span class='ocrx_word' id='word_1_806' title='bbox 354 5052 416 5127; x_wconf 70' lang='lat'>(32)</span> <span class='ocrx_word' id='word_1_807' title='bbox 439 5050 543 5105; x_wconf 75' lang='lat' dir='ltr'>Videres</span> <span class='ocrx_word' id='word_1_808' title='bbox 566 5054 656 5102; x_wconf 85' lang='lat' dir='ltr'>saucio</span> <span class='ocrx_word' id='word_1_809' title='bbox 674 5052 755 5099; x_wconf 84' lang='lat' dir='ltr'>oroler</span> <span class='ocrx_word' id='word_1_810' title='bbox 771 5040 896 5106; x_wconf 74' lang='lat' dir='ltr'>Ecclesia,</span> <span class='ocrx_word' id='word_1_811' title='bbox 917 5048 970 5096; x_wconf 88' lang='grc' dir='ltr'>ιιι.</span> <span class='ocrx_word' id='word_1_812' title='bbox 997 5037 1108 5107; x_wconf 78' lang='lat' dir='ltr'>blargiui</span> <span class='ocrx_word' id='word_1_813' title='bbox 1161 5035 1468 5103; x_wconf 84' lang='lat' dir='ltr'>circumspectedoctis,</span> <span class='ocrx_word' id='word_1_814' title='bbox 1482 5050 1543 5106; x_wconf 75' lang='lat' dir='ltr'>que</span> <span class='ocrx_word' id='word_1_815' title='bbox 1556 5039 1613 5093; x_wconf 76' lang='lat' dir='ltr'>trec</span> <span class='ocrx_word' id='word_1_816' title='bbox 1637 5038 1782 5102; x_wconf 74' lang='lat' dir='ltr'>haeredit,</span> <span class='ocrx_word' id='word_1_817' title='bbox 1803 5048 1848 5090; x_wconf 85' lang='lat' dir='ltr'>neo</span> <span class='ocrx_word' id='word_1_818' title='bbox 1860 5039 1934 5105; x_wconf 57' lang='lat' dir='ltr'>const·</span> 
     </span>
     <span class='ocr_line' id='line_1_62' title="bbox 318 5100 1932 5195; baseline -0.015 -17"><span class='ocrx_word' id='word_1_819' title='bbox 318 5128 454 5195; x_wconf 85' lang='lat' dir='ltr'>appictum</span> <span class='ocrx_word' id='word_1_820' title='bbox 469 5129 524 5181; x_wconf 81' lang='lat' dir='ltr'>est,</span> <span class='ocrx_word' id='word_1_821' title='bbox 540 5120 590 5190; x_wconf 71' lang='lat' dir='ltr'>legi</span> <span class='ocrx_word' id='word_1_822' title='bbox 606 5117 688 5174; x_wconf 89' lang='lat' dir='ltr'>alibi.</span> <span class='ocrx_word' id='word_1_823' title='bbox 704 5116 731 5170; x_wconf 90' lang='lat' dir='ltr'>in</span> <span class='ocrx_word' id='word_1_824' title='bbox 745 5130 835 5166; x_wconf 80' lang='lat' dir='ltr'>narrem.</span> <span class='ocrx_word' id='word_1_825' title='bbox 853 5112 893 5166; x_wconf 80' lang='lat' dir='ltr'>Es</span> <span class='ocrx_word' id='word_1_826' title='bbox 907 5126 958 5192; x_wconf 89' lang='lat' dir='ltr'>qua</span> <span class='ocrx_word' id='word_1_827' title='bbox 980 5109 1110 5164; x_wconf 81' lang='lat' dir='ltr'>serictate</span> <span class='ocrx_word' id='word_1_828' title='bbox 1162 5105 1239 5161; x_wconf 80' lang='lat' dir='ltr'>derat</span> <span class='ocrx_word' id='word_1_829' title='bbox 1251 5105 1324 5159; x_wconf 90' lang='lat' dir='ltr'>alind</span> <span class='ocrx_word' id='word_1_830' title='bbox 1334 5107 1602 5176; x_wconf 79' lang='lat' dir='ltr'>quidsequideherc‚</span> <span class='ocrx_word' id='word_1_831' title='bbox 1613 5122 1675 5164; x_wconf 91' lang='lat' dir='ltr'>cum</span> <span class='ocrx_word' id='word_1_832' title='bbox 1690 5109 1822 5179; x_wconf 80' lang='lat' dir='ltr'>simplices</span> <span class='ocrx_word' id='word_1_833' title='bbox 1833 5100 1932 5183; x_wconf 64' lang='lat' dir='ltr'>alienato</span> 
     </span>
     <span class='ocr_line' id='line_1_63' title="bbox 319 5171 1934 5266; baseline -0.016 -17"><span class='ocrx_word' id='word_1_834' title='bbox 319 5209 371 5266; x_wconf 76' lang='lat' dir='ltr'>ego</span> <span class='ocrx_word' id='word_1_835' title='bbox 383 5192 505 5261; x_wconf 88' lang='lat' dir='ltr'>suspicor</span> <span class='ocrx_word' id='word_1_836' title='bbox 519 5200 662 5259; x_wconf 81' lang='lat' dir='ltr'>utrumque</span> <span class='ocrx_word' id='word_1_837' title='bbox 680 5183 869 5242; x_wconf 78' lang='lat' dir='ltr'>int-eillaudnm</span> <span class='ocrx_word' id='word_1_838' title='bbox 895 5182 957 5236; x_wconf 83' lang='lat' dir='ltr'>lararc</span> <span class='ocrx_word' id='word_1_839' title='bbox 980 5193 1061 5243; x_wconf 78' lang='lat' dir='ltr'>esse,</span> <span class='ocrx_word' id='word_1_840' title='bbox 1082 5188 1109 5234; x_wconf 91' lang='lat' dir='ltr'>ct</span> <span class='ocrx_word' id='word_1_841' title='bbox 1162 5174 1262 5241; x_wconf 85' lang='lat' dir='ltr'>caedes,</span> <span class='ocrx_word' id='word_1_842' title='bbox 1284 5185 1331 5229; x_wconf 92' lang='lat' dir='ltr'>aut</span> <span class='ocrx_word' id='word_1_843' title='bbox 1345 5176 1449 5233; x_wconf 81' lang='lat' dir='ltr'>rninma</span> <span class='ocrx_word' id='word_1_844' title='bbox 1463 5178 1544 5232; x_wconf 88' lang='lat' dir='ltr'>etiam</span> <span class='ocrx_word' id='word_1_845' title='bbox 1560 5179 1679 5234; x_wconf 89' lang='lat' dir='ltr'>lacinera</span> <span class='ocrx_word' id='word_1_846' title='bbox 1699 5179 1846 5235; x_wconf 76' lang='lat' dir='ltr'>referantur</span> <span class='ocrx_word' id='word_1_847' title='bbox 1854 5171 1934 5240; x_wconf 72' lang='lat' dir='ltr'>rudior</span> 
     </span>
     <span class='ocr_line' id='line_1_64' title="bbox 319 5245 1931 5325; baseline -0.014 -4"><span class='ocrx_word' id='word_1_848' title='bbox 319 5262 503 5325; x_wconf 88' lang='lat' dir='ltr'>scribendum,</span> <span class='ocrx_word' id='word_1_849' title='bbox 531 5261 559 5313; x_wconf 85' lang='lat' dir='ltr'>in</span> <span class='ocrx_word' id='word_1_850' title='bbox 577 5262 635 5316; x_wconf 86' lang='lat' dir='ltr'>sinu</span> <span class='ocrx_word' id='word_1_851' title='bbox 650 5258 763 5319; x_wconf 83' lang='lat' dir='ltr'>rideret,</span> <span class='ocrx_word' id='word_1_852' title='bbox 788 5254 990 5309; x_wconf 83' lang='lat' dir='ltr'>laudamentum</span> <span class='ocrx_word' id='word_1_853' title='bbox 1008 5263 1111 5315; x_wconf 74' lang='lat' dir='ltr'>raeticus</span> <span class='ocrx_word' id='word_1_854' title='bbox 1162 5248 1228 5311; x_wconf 86' lang='lat' dir='ltr'>bns;</span> <span class='ocrx_word' id='word_1_855' title='bbox 1243 5261 1294 5301; x_wconf 90' lang='lat' dir='ltr'>uec</span> <span class='ocrx_word' id='word_1_856' title='bbox 1307 5260 1375 5315; x_wconf 86' lang='lat' dir='ltr'>epus</span> <span class='ocrx_word' id='word_1_857' title='bbox 1385 5247 1421 5301; x_wconf 89' lang='lat' dir='ltr'>sit</span> <span class='ocrx_word' id='word_1_858' title='bbox 1435 5247 1497 5302; x_wconf 89' lang='lat' dir='ltr'>iude</span> <span class='ocrx_word' id='word_1_859' title='bbox 1513 5249 1669 5304; x_wconf 87' lang='lat' dir='ltr'>inusitatam</span> <span class='ocrx_word' id='word_1_860' title='bbox 1682 5265 1774 5305; x_wconf 90' lang='lat' dir='ltr'>eorem</span> <span class='ocrx_word' id='word_1_861' title='bbox 1787 5245 1931 5300; x_wconf 64' lang='lat' dir='ltr'>atrotil²¹²m</span> 
     </span>
     <span class='ocr_line' id='line_1_65' title="bbox 319 5309 1931 5393; baseline -0.016 -2"><span class='ocrx_word' id='word_1_862' title='bbox 319 5335 355 5391; x_wconf 91' lang='lat' dir='ltr'>dc</span> <span class='ocrx_word' id='word_1_863' title='bbox 368 5334 457 5389; x_wconf 85' lang='lat' dir='ltr'>rcrhis</span> <span class='ocrx_word' id='word_1_864' title='bbox 473 5332 509 5385; x_wconf 90' lang='lat' dir='ltr'>lib</span> <span class='ocrx_word' id='word_1_865' title='bbox 521 5345 556 5383; x_wconf 90' lang='grc' dir='ltr'>ιιι</span> <span class='ocrx_word' id='word_1_866' title='bbox 570 5347 577 5381; x_wconf 89' lang='lat'>:</span> <span class='ocrx_word' id='word_1_867' title='bbox 595 5328 702 5393; x_wconf 84' lang='lat' dir='ltr'>Quando</span> <span class='ocrx_word' id='word_1_868' title='bbox 718 5342 760 5380; x_wconf 88' lang='lat' dir='ltr'>eos</span> <span class='ocrx_word' id='word_1_869' title='bbox 773 5323 906 5380; x_wconf 83' lang='lat' dir='ltr'>Catholice</span> <span class='ocrx_word' id='word_1_870' title='bbox 923 5322 967 5392; x_wconf 81' lang='lat' dir='ltr'>pio</span> <span class='ocrx_word' id='word_1_871' title='bbox 981 5323 1041 5375; x_wconf 85' lang='lat' dir='ltr'>sinu</span> <span class='ocrx_word' id='word_1_872' title='bbox 1053 5335 1111 5374; x_wconf 80' lang='grc' dir='ltr'>ιιι-</span> <span class='ocrx_word' id='word_1_873' title='bbox 1162 5316 1335 5373; x_wconf 87' lang='lat' dir='ltr'>concludere..</span> <span class='ocrx_word' id='word_1_874' title='bbox 1347 5316 1437 5384; x_wconf 81' lang='lat' dir='ltr'>Quare</span> <span class='ocrx_word' id='word_1_875' title='bbox 1452 5332 1503 5388; x_wconf 75' lang='lat' dir='ltr'>ego</span> <span class='ocrx_word' id='word_1_876' title='bbox 1514 5321 1663 5374; x_wconf 88' lang='lat' dir='ltr'>etiamnum</span> <span class='ocrx_word' id='word_1_877' title='bbox 1676 5319 1814 5390; x_wconf 72' lang='lat' dir='ltr'>legendum</span> <span class='ocrx_word' id='word_1_878' title='bbox 1825 5309 1931 5390; x_wconf 62' lang='lat' dir='ltr'>arbitror,</span> 
     </span>
     <span class='ocr_line' id='line_1_66' title="bbox 320 5371 1932 5477; baseline -0.018 -16"><span class='ocrx_word' id='word_1_879' title='bbox 320 5406 405 5477; x_wconf 83' lang='lat' dir='ltr'>cipere</span> <span class='ocrx_word' id='word_1_880' title='bbox 415 5403 514 5457; x_wconf 85' lang='lat' dir='ltr'>deberet</span> <span class='ocrx_word' id='word_1_881' title='bbox 529 5397 654 5453; x_wconf 87' lang='lat' dir='ltr'>Ecclesia.</span> <span class='ocrx_word' id='word_1_882' title='bbox 672 5397 775 5452; x_wconf 79' lang='lat' dir='ltr'>Basra.</span> <span class='ocrx_word' id='word_1_883' title='bbox 1165 5389 1255 5442; x_wconf 82' lang='lat' dir='ltr'>relatio</span> <span class='ocrx_word' id='word_1_884' title='bbox 1275 5388 1416 5443; x_wconf 87' lang='lat' dir='ltr'>timeretur.</span> <span class='ocrx_word' id='word_1_885' title='bbox 1432 5387 1572 5446; x_wconf 84' lang='lat' dir='ltr'>lodicibus</span> <span class='ocrx_word' id='word_1_886' title='bbox 1590 5390 1716 5445; x_wconf 90' lang='lat' dir='ltr'>nimirum</span> <span class='ocrx_word' id='word_1_887' title='bbox 1737 5388 1889 5451; x_wconf 68' lang='lat' dir='ltr'>talibusque</span> <span class='ocrx_word' id='word_1_888' title='bbox 1906 5371 1932 5425; x_wconf 71' lang='grc' dir='ltr'>ιι</span> 
     </span>
     <span class='ocr_line' id='line_1_67' title="bbox 356 5454 1973 5551; baseline -0.024 -20"><span class='ocrx_word' id='word_1_889' title='bbox 356 5474 415 5551; x_wconf 74' lang='grc'>(53)</span> <span class='ocrx_word' id='word_1_890' title='bbox 440 5471 490 5528; x_wconf 85' lang='lat' dir='ltr'>Vos</span> <span class='ocrx_word' id='word_1_891' title='bbox 513 5471 540 5525; x_wconf 87' lang='lat' dir='ltr'>in</span> <span class='ocrx_word' id='word_1_892' title='bbox 554 5467 698 5540; x_wconf 75' lang='lat' dir='ltr'>repiortilrns</span> <span class='ocrx_word' id='word_1_893' title='bbox 716 5465 818 5520; x_wconf 86' lang='lat' dir='ltr'>olienis.</span> <span class='ocrx_word' id='word_1_894' title='bbox 833 5464 902 5531; x_wconf 75' lang='lat' dir='ltr'>Quia</span> <span class='ocrx_word' id='word_1_895' title='bbox 914 5459 1111 5517; x_wconf 89' lang='lat' dir='ltr'>Constantinus</span> <span class='ocrx_word' id='word_1_896' title='bbox 1165 5459 1300 5526; x_wconf 88' lang='lat' dir='ltr'>episcopis</span> <span class='ocrx_word' id='word_1_897' title='bbox 1322 5457 1506 5514; x_wconf 85' lang='lat' dir='ltr'>Christianum</span> <span class='ocrx_word' id='word_1_898' title='bbox 1532 5462 1641 5515; x_wconf 87' lang='lat' dir='ltr'>schema</span> <span class='ocrx_word' id='word_1_899' title='bbox 1664 5456 1863 5529; x_wconf 68' lang='lat' dir='ltr'>praeferentibus,</span> <span class='ocrx_word' id='word_1_900' title='bbox 1887 5454 1929 5497; x_wconf 81' lang='lat' dir='ltr'>tarn</span> <span class='ocrx_word' id='word_1_901' title='bbox 1971 5507 1973 5511; x_wconf 18' lang='grc' dir='ltr'>Ι</span> 
     </span>
     <span class='ocr_line' id='line_1_68' title="bbox 318 5519 1928 5605; baseline -0.02 0"><span class='ocrx_word' id='word_1_902' title='bbox 318 5561 368 5605; x_wconf 80' lang='lat' dir='ltr'>ees</span> <span class='ocrx_word' id='word_1_903' title='bbox 382 5544 477 5602; x_wconf 79' lang='lat' dir='ltr'>exsilio</span> <span class='ocrx_word' id='word_1_904' title='bbox 493 5543 660 5597; x_wconf 81' lang='lat' dir='ltr'>multaverat.</span> <span class='ocrx_word' id='word_1_905' title='bbox 675 5537 790 5592; x_wconf 71' lang='lat' dir='ltr'>huense</span> <span class='ocrx_word' id='word_1_906' title='bbox 1167 5527 1300 5584; x_wconf 91' lang='lat' dir='ltr'>horrenda</span> <span class='ocrx_word' id='word_1_907' title='bbox 1315 5525 1434 5583; x_wconf 89' lang='lat' dir='ltr'>lacioora</span> <span class='ocrx_word' id='word_1_908' title='bbox 1446 5529 1479 5583; x_wconf 90' lang='lat' dir='ltr'>ad</span> <span class='ocrx_word' id='word_1_909' title='bbox 1493 5530 1621 5600; x_wconf 90' lang='lat' dir='ltr'>palatium</span> <span class='ocrx_word' id='word_1_910' title='bbox 1635 5530 1678 5603; x_wconf 89' lang='grc' dir='ltr'>(ιιι</span> <span class='ocrx_word' id='word_1_911' title='bbox 1692 5532 1804 5602; x_wconf 76' lang='lat' dir='ltr'>loquitur</span> <span class='ocrx_word' id='word_1_912' title='bbox 1817 5529 1841 5579; x_wconf 94' lang='lat' dir='ltr'>in</span> <span class='ocrx_word' id='word_1_913' title='bbox 1854 5519 1928 5576; x_wconf 67' lang='lat' dir='ltr'>erdoti</span> 
     </span>
     <span class='ocr_line' id='line_1_69' title="bbox 357 5590 1929 5690; baseline -0.015 -15"><span class='ocrx_word' id='word_1_914' title='bbox 357 5606 813 5690; x_wconf 71' lang='lat' dir='ltr'>(blldlieslnrperotor.lulianus,</span> <span class='ocrx_word' id='word_1_915' title='bbox 827 5600 1111 5676; x_wconf 83' lang='lat' dir='ltr'>quihrsilicasllona·</span> <span class='ocrx_word' id='word_1_916' title='bbox 1166 5614 1197 5654; x_wconf 88' lang='lat' dir='ltr'>re</span> <span class='ocrx_word' id='word_1_917' title='bbox 1219 5608 1297 5671; x_wconf 71' lang='lat' dir='ltr'>gesta</span> <span class='ocrx_word' id='word_1_918' title='bbox 1316 5597 1431 5667; x_wconf 85' lang='lat' dir='ltr'>Optatus</span> <span class='ocrx_word' id='word_1_919' title='bbox 1460 5601 1563 5672; x_wconf 84' lang='lat' dir='ltr'>noster)</span> <span class='ocrx_word' id='word_1_920' title='bbox 1587 5603 1713 5658; x_wconf 77' lang='lat' dir='ltr'>outthare</span> <span class='ocrx_word' id='word_1_921' title='bbox 1732 5595 1888 5666; x_wconf 67' lang='lat' dir='ltr'>metuebant,</span> <span class='ocrx_word' id='word_1_922' title='bbox 1903 5590 1929 5634; x_wconf 75' lang='lat'>¹¹⁰</span> 
     </span>
     <span class='ocr_line' id='line_1_70' title="bbox 319 5647 1930 5748; baseline -0.019 0"><span class='ocrx_word' id='word_1_923' title='bbox 319 5680 718 5748; x_wconf 59' lang='lat' dir='ltr'>miseriammiseriar.</span> <span class='ocrx_word' id='word_1_924' title='bbox 1167 5677 1223 5726; x_wconf 90' lang='lat' dir='ltr'>teta</span> <span class='ocrx_word' id='word_1_925' title='bbox 1242 5667 1347 5727; x_wconf 89' lang='lat' dir='ltr'>scilicet</span> <span class='ocrx_word' id='word_1_926' title='bbox 1366 5669 1473 5742; x_wconf 76' lang='lat' dir='ltr'>religio,</span> <span class='ocrx_word' id='word_1_927' title='bbox 1492 5671 1654 5729; x_wconf 85' lang='lat' dir='ltr'>calumniam</span> <span class='ocrx_word' id='word_1_928' title='bbox 1670 5679 1813 5746; x_wconf 85' lang='lat' dir='ltr'>pateretur,</span> <span class='ocrx_word' id='word_1_929' title='bbox 1830 5647 1930 5735; x_wconf 79' lang='lat' dir='ltr'>plnrmit</span> 
     </span>
    </p>
   </div>
   <div class='ocr_carea' id='block_1_10' title="bbox 0 0 2076 6165">
    <p class='ocr_par' dir='ltr' id='par_1_11' title="bbox 0 0 2076 6165">
     <span class='ocr_line' id='line_1_71' title="bbox 0 0 2076 6165; baseline 0 0"><span class='ocrx_word' id='word_1_930' title='bbox 0 0 2076 6165; x_wconf 95' lang='lat' dir='ltr'> </span> 
     </span>
    </p>
   </div>
  </div>
 </body>
</html>
