4142 6175
205 220 275 281 litis
660 298 663 303 Δ
683 220 799 281 olisia
819 216 1044 278 collationis
1062 214 1373 278 moritoniensis.
1754 211 1851 290 “liii

202 335 336 401 sontibus,
348 334 375 391 id
388 334 459 407 qttud
472 341 565 406 postea
575 345 717 406 exceptum
733 345 790 402 est,
803 335 916 407 signatis
928 351 1000 392 nunc
1012 342 1040 404 Α
1053 333 1234 403 tettierrtibus,
1247 336 1323 391 locus
1334 334 1493 394 considendi
1508 350 1633 398 essenon
1645 347 1849 414 poteratllndc

204 428 302 484 tabulis
315 426 435 485 crastino
447 425 626 485 describetur.
645 427 678 482 Et
689 428 743 482 ulia
757 445 845 483 ιιιιι.
861 428 993 484 Ειιιιιιιι.
1052 431 1114 498 qnia
1130 445 1202 486 nnnc
1217 430 1343 487 delinitas
1363 431 1443 487 video
1462 435 1621 491 conuenisse
1636 452 1784 508 personas,
1800 443 1848 500 dc·

203 517 270 575 lteru
283 520 336 575 aiu
346 535 436 575 aruns.
458 517 566 576 Hilarus
579 526 608 575 el
621 519 750 576 Martialis
763 528 923 591 exceptores
938 521 997 578 edi·
1051 532 1148 590 precor
1168 532 1197 577 ul
1211 523 1254 578 rel
1269 538 1341 579 nune
1355 523 1450 581 sedere
1460 524 1617 597 dignemini.

201 610 303 668 dimus.
1085 614 1113 669 ι.
1130 613 1275 672 Petilianas
1288 619 1424 691 episcopus
1439 619 1514 675 dicit.
1539 621 1663 679 Patribus
1684 628 1783 684 nostris
1798 630 1847 687 ob-

334 701 485 775 Eepliciuut
498 702 575 761 Gesta
589 705 681 777 prinus
693 706 858 778 capnitionis.
921 784 925 791 Ι
1049 709 1171 765 sentibus
1184 725 1236 766 non
1248 711 1386 781 sedemus,
1402 714 1521 771 maxime
1533 728 1594 773 cnm
1607 716 1667 790 leqe
1681 718 1772 778 diuina
1785 738 1847 781 con·

281 859 698 1012 2⁹⁰1querngqu
733 861 905 973 sciona
1049 802 1847 967 iiiii''liiillltiiillillililiiiiili

1048 990 1357 1060 episcopusreeoqnori.

234 1068 340 1126 Flauius
352 1068 520 1125 Marcellinus
529 1068 569 1123 uir
579 1067 738 1124 clarissimus
754 1076 778 1125 el
788 1069 937 1139 spectabilis
948 1070 995 1125 tri·
1084 1077 1112 1133 5.
1130 1076 1300 1135 Marcellinus
1318 1083 1357 1137 uir
1374 1083 1533 1141 clarissimus
1546 1087 1663 1146 triinnnr
1686 1102 1709 1147 er
1731 1096 1845 1151 notarim

198 1163 279 1220 banus
289 1174 311 1218 cl
322 1161 437 1218 notarius
448 1160 524 1217 dicit.
536 1161 662 1218 omniurn
674 1161 837 1217 conscientia
848 1162 992 1230 retinetur,
1047 1167 1123 1223 dicit.
1138 1170 1166 1226 si
1179 1172 1338 1242 petitionem
1350 1190 1437 1231 mesni
1450 1179 1578 1235 sanctitas
1590 1193 1679 1237 vestra
1691 1185 1784 1242 andire
1798 1204 1847 1244 ne·

196 1252 224 1309 id
239 1268 281 1309 tue
294 1252 395 1309 dudum
405 1252 496 1309 edicto
515 1251 655 1337 proposito
670 1251 755 1308 luisse
775 1252 928 1322 pollicitum
939 1264 992 1321 ,nt
1046 1260 1150 1330 plexit,
1165 1264 1348 1322 uicensidere
1360 1265 1527 1338 dignaretur,
1544 1271 1595 1327 boc
1611 1274 1677 1329 inibi
1689 1281 1844 1349 extorqueri

196 1342 325 1416 quidquid
345 1344 417 1400 5⁰²0?
431 1342 572 1414 utrius‘issi
588 1342 672 1413 Ριῐῑῑὸ
686 1342 831 1414 θιῑθιθιιθι
846 1354 990 1414 ιιιθιθῑῑιιι
1047 1364 1102 1406 ιιι
1120 1356 1238 1422 polerit,
1257 1358 1403 1426 quominus
1425 1359 1523 1417 stando
1542 1377 1715 1434 cognoscam.
1731 1367 1846 1442 Currtqae

195 1437 311 1494 subinde
331 1436 359 1492 in
382 1435 516 1506 publicum
530 1435 654 1491 notitiam
669 1436 836 1506 perveniret.
858 1433 937 1494 Unde
959 1451 991 1493 ea
1047 1444 1161 1516 episcopi
1184 1448 1306 1503 catholici
1325 1453 1514 1519 strrreaissent,
1539 1464 1615 1524 utrae
1635 1475 1720 1515 sessus
1743 1464 1844 1535 indicis

195 1548 255 1606 quae
270 1532 378 1589 interim
395 1541 471 1606 gesta
492 1540 572 1597 sunt,
596 1530 732 1586 sanctitati
746 1538 845 1586 restrae
860 1530 992 1587 demons-
1044 1536 1204 1604 solaretur,
1220 1540 1336 1609 ejusdem
1344 1544 1444 1615 judicis
1451 1547 1581 1615 jussione,
1595 1558 1619 1603 ct
1633 1549 1669 1604 u.
1685 1549 1724 1605 Ν.
1738 1555 1844 1611 circla-

195 1635 268 1684 trare
279 1626 388 1691 curari,
400 1631 536 1696 quatenus
549 1621 633 1678 babiti
645 1631 747 1691 partem
759 1619 900 1678 conflictus
909 1620 991 1678 etiam
1043 1625 1161 1681 mutatus
1176 1638 1200 1684 et
1213 1631 1361 1701 spectabilis
1376 1631 1544 1693 Matutine,
1557 1624 1675 1695 pretim
1685 1655 1710 1697 eg
1727 1648 1844 1704 „mn-u,

194 1718 282 1778 oculis
292 1717 430 1790 iudicetis.
446 1715 479 1771 Et
492 1716 545 1771 aliu
558 1730 647 1769 manu.
660 1713 844 1784 Propensior.
1007 1717 1163 1804 Bstctisset.
1680 1718 1690 1733 ·

230 1817 257 1872 ι.
274 1813 337 1868 Post
361 1811 524 1867 consulatum
550 1807 662 1864 Varauis
685 1806 734 1861 uiri
757 1805 897 1861 clarissimi
919 1805 993 1861 terlio
1082 1809 1108 1867 6.
1126 1809 1272 1868 Petilianis
1285 1815 1421 1889 episcopus
1432 1817 1509 1874 dicit.
1521 1819 1658 1893 Scriptum
1671 1826 1718 1893 sit,
1733 1826 1844 1887 ltoctnse

195 1922 276 1963 nouus
288 1903 384 1960 iunias
399 1904 425 1958 iu
440 1899 577 1958 secretario
593 1896 764 1952 Thermarum
778 1894 993 1969 Garpiliuuarum
1045 1901 1191 1959 uoluntatis
1213 1919 1294 1974 esse,
1310 1921 1364 1963 nott
1379 1918 1493 1966 nosltae.
1508 1910 1543 1966 Et
1556 1914 1611 1968 alio
1624 1931 1713 1973 mauu.
1730 1918 1842 1978 Petilia.

193 1993 356 2069 Cartbaqini,
372 1989 532 2048 adstantibus
545 1986 710 2045 Sebastiano,
725 1983 925 2040 Maximianum
940 1982 993 2038 Pe·
1044 2009 1096 2051 nug
1110 1996 1254 2068 episcopus
1267 2005 1422 2070 κῶμον,

195 2095 250 2154 tro,
264 2085 326 2140 uiris
344 2081 512 2138 devotissimis
528 2076 711 2150 protectoribus
723 2074 888 2142 demonicis,
906 2072 991 2141 Urso,
1080 2087 1108 2141 7,
1124 2085 1292 2144 mmmm
1311 2091 1350 2146 „p
1369 2092 1528 2150 ‘pm-mm
1549 2097 1667 2155 mmm
1683 2110 1708 2158 a
1726 2106 1842 2161 nomm

196 2177 318 2234 Petronio
331 2185 354 2232 et
366 2173 459 2231 Libere
469 2170 626 2236 ducenariis,
638 2169 683 2226 sed
693 2178 718 2225 el
732 2168 872 2239 Boniiucio
885 2178 911 2222 et
925 2165 993 2221 an
1043 2175 1120 2231 dieii.
1142 2178 1226 2234 Decet
1248 2195 1293 2236 me
1311 2182 1389 2240 rabis
1409 2186 1543 2242 stantibus
1565 2189 1666 2247 itenere
1688 2193 1842 2266 hujusmodi

193 2274 235 2329 sio
247 2267 436 2345 apparitoribus
452 2265 596 2321 illustrium
608 2271 684 2335 utque
696 2260 862 2316 cotinentium
875 2265 991 2329 potestu-
1043 2268 1232 2337 solenitatem,
1247 2286 1308 2342 qnae
1326 2272 1360 2328 nd
1375 2278 1556 2333 reuerentiam
1574 2290 1708 2338 tantorum
1723 2262 1853 2356 pertinet¹

195 2374 260 2433 tum,
270 2361 354 2418 Filelo
363 2359 512 2433 apparitore
524 2357 634 2413 illustris
644 2355 771 2411 comitiale
780 2354 859 2422 sedis,
873 2353 992 2409 Exitioso
1043 2359 1225 2417 sacerdotum.
1249 2361 1395 2419 Petiliouus
1418 2368 1555 2439 episcopus
1580 2370 1656 2426 dicit.
1684 2374 1840 2436 Honorifioe

195 2459 313 2534 adjutore
326 2451 516 2520 cornicularii,
531 2450 664 2518 Possidio,
681 2448 897 2519 Quodvultdcoet
913 2446 993 2504 Colo·
1041 2448 1151 2508 leceris.
1178 2451 1214 2508 Et
1234 2454 1289 2509 aliu
1301 2472 1391 2512 marcu.
1419 2458 1567 2518 Petilianus
1590 2466 1735 2539 episcopus
1763 2487 1841 2529 κω.

194 2552 261 2619 m'co,
275 2548 436 2626 adjutoribus
446 2542 689 2604 commentariorum
701 2544 777 2616 apicii
790 2541 898 2598 Domini
909 2543 990 2598 nostri
1041 2543 1132 2614 puori.

193 2647 242 2704 uiri
255 2645 393 2702 clarissimi
412 2652 437 2699 et
459 2639 604 2714 spectabilis
619 2636 797 2710 proconsulis,
817 2633 930 2708 unuin
942 2634 991 2690 ud·
1077 2634 1105 2693 8.
1121 2633 1253 2693 Mucialis
1279 2649 1398 2710 exceptor
1423 2641 1499 2697 dixit.
1524 2642 1682 2717 Cuiusmodi
1705 2653 1840 2711 notariam

188 2740 279 2811 intare
288 2749 453 2792 rrummorum
467 2730 571 2786 bamini
582 2729 664 2784 nostri
676 2728 724 2782 uiri
733 2725 870 2783 clarissimi
879 2734 904 2781 ιι
914 2741 988 2799 spec·
1040 2729 1164 2802 episcopi
1175 2730 1305 2789 besterna
1324 2735 1459 2792 nobilitati
1474 2746 1526 2793 tuac
1541 2740 1705 2814 obtulerint,
1725 2746 1795 2804 lianc
1810 2750 1838 2806 in

192 2830 277 2886 ubilis
290 2829 399 2895 usarii,
417 2825 533 2898 Numpio
553 2823 638 2880 scriba
651 2819 727 2893 apicii
739 2820 788 2876 uiri
800 2819 937 2876 clarissimi
951 2820 989 2875 ιι·
1040 2823 1165 2881 manibus
1180 2823 1313 2882 babentes
1335 2843 1341 2880 :
1356 2828 1378 2882 si
1395 2829 1519 2901 precipit
1541 2833 1669 2890 nobilitas
1685 2845 1729 2894 tua
1743 2880 1751 2903 ‚
1765 2841 1838 2896 reci·

192 2924 245 2997 quii
258 2923 336 2977 ulmce
345 2918 520 2987 Cartbupinisi
531 2915 674 2988 Rufittiana
688 2911 773 2969 scriba
786 2911 836 2967 uiri
850 2910 990 2966 clarissimi
1041 2921 1138 2970 tsmrrs.

191 3002 320 3071 mialaris
331 3012 406 3068 celsae
416 3009 592 3081 Cartbupiuis,
604 3004 791 3077 excipientibus
803 3004 881 3060 etium
894 3000 988 3059 Hilaro
1075 3007 1104 3063 9.
1128 3007 1299 3066 Marcellinus
1312 3012 1352 3066 cir
1369 3013 1527 3071 clarissimus
1547 3017 1665 3076 tribunus
1679 3033 1705 3079 et
1721 3028 1838 3084 nemrim

190 3117 214 3166 el
226 3102 572 3178 Protcoiulomeptort'itu
585 3100 691 3156 Domini
702 3098 783 3154 butiri
793 3097 841 3152 ιη’
851 3093 1023 3186 clmbdmic
1040 3100 1116 3156 dicit.
1133 3102 1173 3159 lle
1186 3104 1251 3171 quid
1272 3106 1391 3163 celatum
1413 3111 1483 3179 parti
1504 3110 1582 3169 alteri
1608 3115 1747 3188 rideatur,
1767 3125 1839 3179 rcci-

190 3211 213 3257 ct
236 3197 382 3273 spectabilis
408 3195 587 3270 proconsulis,
613 3190 696 3247 iiiia
722 3199 857 3260 exceptore
880 3184 987 3242 Domini
1040 3201 1123 3249 terni,

189 3294 271 3351 nostri
283 3293 331 3349 uiri
345 3289 483 3348 clarissimi
504 3297 528 3344 et
542 3285 690 3358 spectabilis
704 3283 812 3346 ιιιιιιι,
829 3292 853 3338 ιι
873 3279 986 3336 Romula
1076 3286 1121 3341 lo.
1137 3284 1284 3342 Petiliunus
1298 3289 1523 3359 episcopusdixit.
1538 3292 1690 3369 Episcopus
1702 3316 1752 3357 nos
1765 3305 1833 3362 ueri·

189 3398 322 3462 exceptare
334 3387 383 3443 uiri
397 3383 535 3442 clarissimi
545 3382 623 3455 lepati
636 3380 711 3438 alme
722 3376 905 3451 Cartbupiais,
917 3375 987 3430 euci-
1039 3376 1101 3435 latis
1118 3378 1220 3436 Christi
1247 3380 1352 3438 Domini
1380 3385 1485 3451 nostri,
1501 3397 1529 3441 et
1550 3386 1684 3460 dicimus,
1711 3404 1739 3452 el
1764 3414 1836 3471 sape

189 3479 317 3551 pientilus
331 3475 572 3552 qaoquednnuurio
594 3484 619 3530 et
638 3470 723 3528 Vitule
737 3468 844 3526 notmiis
864 3465 986 3522 Ecclesiae
1036 3469 1106 3524 actis
1131 3468 1247 3539 publicis
1269 3470 1371 3528 dictum
1392 3481 1444 3528 est.
1469 3474 1602 3534 bonalutn
1626 3492 1717 3540 autem
1733 3500 1835 3548 sanctae

188 3573 332 3641 catholicoe,
347 3573 451 3628 Victore
460 3580 484 3627 et
495 3569 630 3626 Cresconiu
641 3566 749 3622 notoriis
762 3562 883 3619 Ecclesia
896 3559 984 3615 liono-
1036 3563 1192 3632 momoriae,
1222 3565 1386 3638 martyrialis
1408 3567 1503 3638 glorise
1524 3572 1612 3629 virum
1638 3591 1833 3646 processissem

188 3666 323 3735 lictorum,
350 3663 460 3719 Liiosus
485 3660 640 3716 ducenarius
663 3657 802 3713 illustrium
826 3660 982 3726 potestatum
1035 3655 1288 3724 scilicetnostrum,
1311 3668 1502 3715 ornamentum
1519 3662 1646 3720 Ecclesiae
1668 3668 1747 3726 istius
1768 3674 1834 3731 ciri-

187 3759 253 3817 dicit
266 3776 276 3815 .·
288 3755 423 3828 Quoniam
438 3754 466 3810 in
480 3752 643 3808 hodiernum
656 3749 729 3806 dient
742 3744 982 3818 comperendinata
1036 3747 1113 3812 tetis,
1127 3746 1188 3802 loco
1201 3761 1250 3803 suo
1266 3746 1417 3820 nteritoque
1427 3763 1597 3810 uenerantur.
1622 3754 1657 3813 Et
1670 3760 1724 3816 ulia
1742 3781 1830 3824 mann,

186 3848 311 3923 Cognitio
334 3855 394 3915 ιιι,
418 3854 448 3902 ιι
465 3850 616 3916 praesentes
642 3850 705 3896 sunt
728 3838 868 3909 utriusque
898 3834 983 3907 partis
1034 3835 1184 3893 Petilianus
1198 3837 1509 3913 episcopusrecoqnori.

16 3959 17 3988 l
109 3919 113 3928 ⁵
186 3939 359 4012 episcopi,st
371 3935 611 4010 iubctsnbtimttss
627 3941 682 3999 lua,
704 3931 928 3987 intromittentur.
1070 3932 1115 3987 ti.
1139 3930 1277 3989 Possidius
1295 3932 1429 4006 episcopus
1444 3934 1570 3994 Ecclesia
1594 3941 1729 4002 cutboliue
1754 3951 1831 4009 alisii.

221 4031 249 4087 ι.
265 4028 374 4085 Flauias
394 4026 566 4084 Marcellinus
587 4028 626 4081 uir
649 4024 809 4080 clarissimas
829 4020 945 4076 ιιιιιιιιι
957 4026 982 4074 ιι
1034 4023 1186 4096 Episcopus
1198 4025 1322 4086 veritatis
1338 4026 1454 4097 probare
1476 4042 1545 4098 opus
1566 4041 1625 4100 est,
1644 4049 1698 4093 naa
1713 4039 1832 4108 iactare,

153 4161 159 4168 ,
185 4122 301 4180 notarius
315 4121 391 4177 dicit.
406 4119 533 4176 Veniant.
548 4118 582 4174 Et
595 4117 718 4190 inpressis
731 4114 849 4183 Aurelio,
866 4111 979 4185 Alppio,
1032 4112 1068 4169 Et
1081 4112 1135 4169 aliu
1146 4131 1235 4170 manu.
1251 4114 1414 4186 Resupnum.

183 4217 337 4291 aequalina,
357 4212 502 4278 Vincentia,
518 4210 544 4265 F
544 4219 672 4275 ortunato,
689 4206 895 4271 Fortunatiano,
912 4202 980 4257 Pos-
1070 4205 1115 4260 ιι.
1131 4202 1299 4260 Marcellinus
1309 4206 1347 4259 sir
1357 4205 1518 4263 clarissimus
1527 4209 1646 4268 tribunus
1666 4227 1691 4270 et
1714 4224 1830 4282 notarius

184 4314 271 4382 sidia,
288 4310 408 4378 Νιιιιι,
425 4306 560 4363 Florentio
573 4347 581 4371 ,
596 4302 743 4358 diaerealio
755 4342 764 4369 ,
778 4296 889 4364 Prisca,
903 4295 981 4352 Sere-
1032 4294 1110 4350 dicit.
1125 4293 1307 4366 litteramque
1323 4297 1438 4367 partium
1452 4304 1658 4369 prosecutiones
1671 4322 1749 4381 gesta
1762 4319 1829 4373 reti·

184 4408 272 4472 reinna,
285 4403 433 4478 Bonisacio,
447 4402 583 4466 Scillacio,
598 4398 734 4464 lienteria,
750 4394 846 4459 mone,
859 4391 978 4458 Artemo,
1031 4388 1146 4444 nebunt.
1162 4384 1197 4440 Et
1213 4387 1319 4458 ediscit.
1336 4384 1414 4454 Quod
1433 4404 1598 4465 preceptum
1613 4407 1670 4467 est,
1687 4405 1828 4468 recitetur.

183 4508 207 4555 et
219 4500 344 4554 llesiituto
357 4540 365 4566 ‚
379 4495 506 4570 episcopis
531 4492 655 4549 Ecclesia
675 4487 830 4556 sollicitarer
854 4487 1018 4572 inpressis„
1033 4477 1165 4534 Martialis
1179 4485 1298 4549 exceptor
1311 4480 1436 4535 recitarit.
1448 4482 1514 4539 Post
1529 4489 1699 4550 consulatum
1714 4497 1829 4559 varanis

184 4589 261 4645 etiam
278 4606 311 4645 ca
326 4591 378 4646 alio
390 4591 483 4657 latere,
501 4585 651 4652 Priatiaua,
669 4581 821 4646 Petiliana,
838 4578 975 4646 Emerita,
1030 4570 1082 4627 uiri
1094 4569 1239 4626 clarissimi
1252 4577 1350 4641 quarto
1362 4586 1448 4628 nonas
1457 4572 1543 4643 iunii,
1560 4577 1653 4638 Flavio
1666 4585 1827 4652 Marcellino

183 4679 320 4751 Peirasia,
339 4681 478 4748 iiontnno,
495 4678 660 4743 Gaudentio,
678 4673 828 4740 adeodato,
851 4669 977 4744 episeapis
1032 4664 1094 4720 uiro
1107 4661 1260 4719 clarissimo
1272 4670 1300 4719 ιι
1308 4664 1450 4734 specubtli
1468 4667 1576 4725 tribuno
1589 4682 1617 4727 et
1633 4681 1753 4752 noterio,
1769 4685 1828 4745 Ρη.

182 4775 262 4847 porlis
275 4774 386 4843 Donati,
402 4771 571 4830 Mucellinos
584 4770 623 4825 uir
643 4767 802 4824 clarissimus
823 4762 939 4820 trilsrtrts
954 4768 978 4816 et
1030 4756 1148 4820 minitas,
1161 4753 1321 4822 Petilianus,
1337 4754 1493 4825 Etnerilus‚
1508 4759 1658 4834 Protesius,
1671 4768 1824 4850 uernans,

180 4873 297 4927 pomp„
310 4869 375 4924 prm
389 4885 400 4924 .·
1030 4848 1214 4912 Gaudentius,
1232 4846 1407 4916 Adeodslus,
1428 4850 1550 4925 episcopi
1562 4865 1590 4912 el
1602 4856 1760 4924 defensares
1775 4872 1827 4930 Ec.

214 4961 242 5017 d.
259 4959 294 5016 Et
302 4958 443 5030 superiore
458 4955 561 5029 judicio
575 4968 650 5026 saepe
670 4967 714 5009 me
729 4949 861 5008 obtulisse
875 4946 974 5004 cerlis·
1031 4943 1123 5000 clesie
1134 4941 1267 5010 veritatis,
1279 4957 1327 5013 per
1342 4945 1477 5001 notarium
1492 4944 1550 5003 bare
1564 4948 1660 5009 dicunt
1673 4972 1680 5009 :
1692 4959 1825 5025 llesterns

179 5052 278 5110 simutn
297 5059 357 5118 est,
379 5058 408 5106 ιι
421 5064 493 5106 tinne
505 5048 638 5118 deprecor
651 5056 680 5102 ut
694 5043 792 5104 sedere
811 5038 972 5113 dignemini.
1027 5035 1072 5094 dic
1086 5035 1141 5093 ital.
1157 5034 1230 5092 lunii
1245 5036 1317 5092 inter
1331 5052 1382 5095 uos
1395 5046 1424 5094 ιι
1436 5038 1609 5100 adversarios
1624 5060 1732 5111 nostros
1745 5073 1824 5130 spec.

177 5142 292 5215 Eumque
316 5142 439 5198 cutbolici
461 5141 574 5215 episcopi
603 5139 791 5204 consedissent,
827 5133 975 5190 Petilianis
1028 5125 1150 5184 labilitas
1166 5136 1210 5182 tua
1224 5125 1320 5184 audire
1330 5128 1440 5200 dignata
1454 5139 1507 5187 est.
1523 5132 1556 5189 Et
1570 5140 1697 5206 quoniam
1714 5152 1823 5212 ensinio

177 5213 402 5309 episcopusdixit.
416 5234 492 5304 Quod
506 5233 710 5307 prioreJndicio
726 5230 824 5286 iactum
841 5235 972 5295 nonest,
1027 5234 1098 5292 pene
1117 5219 1161 5275 die
1178 5217 1301 5290 partibus
1323 5220 1481 5290 patientium
1500 5227 1643 5299 prebens,
1666 5235 1821 5317 aliquanta,

176 5326 332 5385 iacerenon
347 5326 490 5383 audemus.
514 5325 547 5382 Et
572 5327 626 5382 alia
638 5341 729 5381 morsu.
750 5320 898 5378 Petilianus
915 5317 974 5388 epi·
1026 5327 1087 5384 quae
1107 5311 1240 5383 principia
1253 5311 1353 5382 neqatii
1373 5310 1497 5384 luerent,
1518 5319 1612 5378 audire
1632 5324 1758 5397 dignatus
1774 5354 1822 5409 cs,

177 5434 276 5493 scopus
289 5421 443 5496 recognovi.
452 5421 623 5477 Marcellinus
635 5422 673 5475 air
681 5417 840 5474 clarimimus
855 5413 973 5470 tribunus
1026 5420 1149 5479 opusque
1162 5414 1205 5462 ιιι
1222 5404 1257 5460 id
1275 5419 1401 5474 ebusini,
1417 5418 1446 5463 tii
1460 5411 1617 5471 mandatnm
1633 5424 1705 5490 qnod
1726 5429 1823 5490 adrer-

176 5522 201 5570 ct
216 5514 547 5572 mirumdolium
561 5512 702 5584 superiore
722 5509 825 5581 judicio
838 5523 881 5564 me
893 5506 973 5562 obtu·
1027 5497 1093 5556 sarii
1109 5497 1194 5553 nostri
1209 5495 1375 5567 obtuleruut,
1391 5499 1468 5557 nobis
1478 5503 1505 5557 in
1520 5506 1643 5565 notitiam
1657 5516 1820 5598 perferatur,

179 5606 244 5663 lisse
257 5606 446 5672 meminerim,
461 5613 552 5660 tamen
576 5603 621 5660 illa
639 5601 757 5657 arbitror
780 5606 843 5657 tune
861 5596 973 5654 minime
1027 5591 1155 5665 quoniam
1168 5591 1254 5647 series
1265 5599 1386 5646 suornm
1398 5598 1561 5667 proptersni
1573 5600 1752 5669 prolixitatem
1766 5634 1821 5681 nnn

175 5700 277 5760 iactum
291 5712 353 5757 esse
371 5697 495 5764 ιιιιιιι,
508 5696 573 5766 qaia
589 5693 684 5751 multis
704 5691 890 5752 sacerdotibus
906 5699 973 5746 con·
1027 5691 1120 5758 potest
1134 5682 1287 5754 explicari,
1301 5697 1337 5741 ιι
1346 5682 1472 5756 imparati
1478 5687 1660 5837 &iudicium
1672 5701 1766 5764 venire
1778 5714 1821 5774 ri.

368 5793 505 5857 Parnon.
542 5790 600 5852 xl.
