4142 6175
176 305 255 366 rara
656 272 1386 364 ntsr'osuonaanasmsnsrscumauoms.
1759 290 1832 351 star

174 418 367 478 christianitas
376 419 428 477 niti
442 420 543 477 inridm
555 419 637 475 munit
647 418 660 475 ι
672 418 701 475 Si
715 427 743 473 et
755 416 863 474 doctior
878 423 907 471 et
921 427 986 470 acu-
998 413 1025 477 Δ
1036 408 1128 466 onnnia
1150 405 1333 464 frustrationis
1347 403 1507 462 diverticula
1519 413 1656 476 captasse,
1670 419 1731 477 quae
1748 419 1783 462 ne
1794 405 1835 461 in.

176 513 237 570 tior
252 513 349 571 luisset
368 513 537 578 Petiturus,
551 512 667 568 iortasse
690 510 824 582 potuisset
846 509 872 563 id
888 508 923 563 ita
939 522 984 561 nr-
1040 502 1129 559 sensis
1144 499 1253 573 quidem
1267 497 1423 555 causidicus
1438 498 1465 554 ιιι
1481 496 1552 553 mala
1570 511 1653 555 causa
1666 497 1836 555 invenisseti

175 619 266 676 gere,
282 617 312 662 ut
329 606 481 677 Augustino
494 604 636 661 diihcilior
649 603 748 661 luisset
769 601 925 673 responsio.
952 599 986 656 Et
1034 591 1125 648 Etiam
1141 599 1203 663 post
1216 606 1274 647 rem
1286 590 1434 661 judicatam
1448 589 1623 661 exceptiones
1636 588 1832 654 obtendebant,

177 696 285 767 quidsi
298 711 331 754 cr
345 697 505 754 Tertulliani
520 694 578 750 Αιιι
588 695 731 768 hpoloqet.
745 693 890 763 objecisset
906 689 982 756 illud,
1035 693 1065 742 ei
1078 686 1188 756 quidem
1201 701 1235 741 ea
1248 685 1311 755 jure
1324 682 1399 740 civili
1416 682 1548 754 repetitas
1558 698 1620 740 csse
1632 682 1788 754 iungebant:
1803 684 1838 740 de

178 788 312 847 Caesares
321 791 505 848 credidissent
515 787 637 854 Christo,
649 787 672 844 si
685 793 714 843 et
722 784 870 841 christiani
883 784 987 853 potuis·
1035 780 1136 850 quibus
1148 778 1250 850 aliquid
1268 788 1362 850 postea
1375 775 1476 832 dicam.
1491 776 1612 846 Denique
1630 775 1657 832 in
1672 776 1706 831 iis
1723 791 1783 847 quae
1803 775 1838 832 ad

178 891 248 940 seut
260 899 323 941 esse
337 882 477 940 manresa
491 882 545 939 Sed
563 881 711 937 Donatistae
727 879 881 935 obtusiores
902 876 987 932 luisse
1036 886 1095 927 rem
1113 871 1293 944 principalem
1311 869 1413 940 alioqui
1439 884 1493 925 nou
1515 868 1707 940 pertinebant,
1734 870 1795 939 plus
1811 878 1862 947 ct·

179 977 325 1042 videntur,
333 991 414 1047 qnam
429 983 458 1031 ut
468 972 607 1046 potucdnt
621 971 702 1028 valde
713 985 834 1042 pungere
848 982 987 1041 premere·
1038 965 1170 1033 temporis
1186 973 1212 1020 et
1228 964 1373 1020 verborum
1390 970 1581 1032 consumptum
1595 961 1695 1017 lmstra
1711 961 1757 1019 bic
1771 960 1839 1030 luit,

180 1084 240 1142 que
252 1067 452 1126 aduersarium.
468 1066 571 1123 Saltem
595 1062 713 1121 inissent
737 1064 827 1118 miurus
850 1061 942 1126 aulici,
958 1068 988 1116 ut
1037 1070 1118 1128 quam
1139 1054 1166 1112 ln
1183 1070 1215 1112 ea
1233 1056 1385 1128 quaestione
1403 1053 1439 1110 de
1459 1068 1513 1125 qua
1528 1053 1587 1110 sola
1601 1052 1748 1111 collatores
1758 1068 1840 1127 aqerc

181 1163 360 1220 adversarios
374 1204 383 1229 ,
409 1161 492 1232 siqui
517 1159 597 1215 nianis
611 1156 693 1213 aulici
715 1165 804 1221 erant,
816 1154 927 1226 justiori
940 1168 988 1210 ex·
1038 1147 1186 1205 debebant.

181 1257 364 1328 probrosione
381 1254 570 1324 castigassent.
593 1249 685 1307 lateri
697 1249 770 1305 enim
791 1247 925 1319 eoqirnur,
939 1260 989 1314 op-
1076 1240 1145 1313 hqe,
1160 1255 1232 1297 outre
1244 1240 1279 1298 de
1289 1254 1372 1297 causa
1386 1240 1527 1312 principali
1540 1242 1638 1297 iterum
1648 1246 1839 1312 cognoscatur,

184 1352 301 1404 tandum
312 1361 375 1403 esse
385 1355 414 1400 ut
422 1343 520 1400 aulicis
531 1343 651 1414 strophis
660 1342 756 1413 religio
767 1354 821 1396 uon
834 1340 989 1394 irrvnlvatur
1041 1343 1069 1391 et
1083 1335 1144 1407 quis
1158 1335 1219 1406 ejus
1231 1345 1319 1392 status
1332 1336 1423 1401 luerit,
1436 1336 1588 1392 videamus.
1604 1335 1640 1393 lit
1657 1335 1761 1392 durrbus
1777 1350 1841 1391 ver·

182 1459 219 1500 ae
236 1442 385 1515 polluatur,
398 1432 492 1510 quales
503 1437 616 1494 nindnm
629 1437 694 1507 ipsis
707 1434 857 1490 Donatistis
869 1431 988 1488 familia·
1042 1429 1085 1487 bis
1098 1430 1201 1497 dicam,
1217 1429 1334 1503 quaestio
1347 1432 1397 1486 init
1418 1430 1454 1487 de
1469 1430 1591 1488 Ecclesia
1605 1448 1612 1485 ε
1628 1446 1661 1485 an
1686 1429 1744 1486 hac
1768 1436 1842 1485 esset

183 1553 235 1594 res
256 1537 341 1593 sucre.
371 1534 441 1603 Quid
457 1532 546 1589 dicam
566 1530 722 1588 hiricanam
745 1528 907 1594 Ecclesiam,
928 1540 989 1596 qnae
1042 1537 1125 1592 poenes
1138 1520 1304 1585 carnaticos.
1318 1538 1352 1581 an
1369 1540 1434 1581 vero
1452 1525 1617 1581 Donatistae.
1635 1524 1688 1582 Sed
1703 1522 1842 1581 tantodii·

185 1640 270 1685 antea
281 1618 354 1684 domi
370 1642 427 1682 sure
442 1625 532 1682 nullos
546 1636 594 1680 aut
607 1618 847 1693 imperatores'aut
861 1634 938 1692 reqos
949 1618 989 1674 vi·
1041 1614 1141 1673 licilior
1153 1617 1313 1687 diiudicatio
1327 1617 1390 1688 luit,
1401 1617 1473 1690 quod
1490 1618 1636 1691 utrobique
1651 1616 1735 1690 propo
1746 1618 1841 1673 cadem

187 1720 290 1789 derat,
316 1718 396 1790 paulu
412 1727 473 1788 post
487 1716 608 1773 serasisse
620 1714 685 1786 quid
699 1714 736 1770 sit
747 1715 816 1770 tales
841 1712 942 1768 lubere
961 1711 988 1768 in
1042 1711 1141 1782 alioqui
1154 1716 1266 1768 sonaret
1279 1712 1419 1778 doctrina,
1432 1722 1461 1769 et
1476 1712 1563 1769 iorma
1580 1715 1677 1769 similis
1698 1713 1842 1784 conspice·

187 1827 243 1870 suo
257 1812 330 1877 sinu,
345 1810 439 1881 quales
451 1807 546 1864 habuit
560 1808 717 1863 Varrdalost
729 1806 805 1862 'lunc
822 1806 913 1877 iqitur,
925 1814 990 1859 tunc
1003 1797 1028 1858 B
1042 1812 1137 1861 retur:
1160 1805 1215 1859 imo
1232 1813 1259 1861 et
1270 1805 1375 1861 eadem
1392 1803 1519 1862 formulas
1532 1805 1703 1872 audirentur,
1722 1806 1801 1862 sicuti
1816 1814 1845 1863 et

188 1904 226 1961 ad
242 1917 337 1960 curum
352 1900 471 1957 tribunal
485 1900 614 1966 citata,ln
627 1915 682 1971 quo
694 1899 784 1955 hriaui
799 1896 935 1953 anstistites
946 1911 991 1952 re·
1043 1898 1167 1968 Optatus,
1190 1897 1238 1953 lib.
1249 1913 1277 1965 1,
1299 1897 1445 1970 significat.
1460 1897 1554 1972 Neque
1575 1910 1677 1957 temere
1690 1910 1752 1967 est,
1771 1898 1844 1972 quod

190 1998 314 2071 girabant
328 2037 337 2064 ,
367 1994 576 2066 sulrscripsisset
600 1994 751 2050 Donatistis
776 1990 992 2049 exclamantibus
1043 1989 1210 2063 hragrrstiaus
1220 1993 1246 2048 ιιι
1260 1991 1306 2048 lib.
1317 1991 1352 2048 de
1365 2008 1428 2050 aera
1440 1994 1527 2065 Reliq.
1538 2008 1599 2065 cap.
1611 1996 1639 2061 5,
1653 2010 1706 2051 non
1719 1995 1801 2051 modo
1816 1994 1844 2051 in

191 2091 264 2163 apud
287 2087 414 2162 Optatam
429 2129 437 2151 ,
454 2086 667 2161 Quidepircopir
690 2102 749 2140 cunr
764 2083 893 2140 Palatio?
913 2082 992 2138 Narrrc
1043 2082 1226 2141 schismaticis
1246 2083 1272 2140 id
1292 2084 1439 2150 observat,
1454 2088 1503 2142 sed
1518 2087 1600 2143 etiam
1629 2088 1656 2143 in
1682 2087 1845 2158 quibusdam

108 2179 112 2185 ’
193 2182 314 2239 redirem
337 2180 370 2235 ad
391 2180 594 2236 Donatistarum
618 2178 797 2235 collationem
820 2175 993 2248 lugitantium
1045 2175 1191 2242 hereticis,
1207 2184 1237 2232 ut
1246 2175 1356 2234 Arianis
1366 2189 1393 2234 et
1408 2176 1587 2235 Photiniauis.
1603 2178 1767 2236 narnienses
1780 2193 1846 2235 vero

193 2274 372 2334 circuitiones
386 2284 467 2345 atque
489 2272 739 2344 tergiversationes.
753 2270 807 2327 Sed
824 2270 885 2338 quis
896 2283 994 2325 oannes
1045 2278 1073 2325 ct
1086 2269 1233 2325 nonnullos
1245 2270 1315 2324 alios
1329 2270 1367 2325 ait
1380 2269 1462 2326 etiam
1480 2274 1532 2328 ritu
1546 2283 1779 2330 sacramentorum
1790 2273 1846 2330 dis-

193 2369 352 2426 enumerctl
368 2368 474 2424 interea
488 2365 576 2421 sedati
596 2363 696 2435 pudicis
707 2362 769 2431 luit,
786 2360 916 2433 quidquid
930 2370 990 2416 tam
1046 2375 1126 2431 praees
1149 2377 1210 2418 esse
1231 2362 1363 2427 noluisse,
1388 2373 1419 2420 ut
1430 2366 1520 2421 minus
1534 2367 1687 2422 mirandum
1701 2365 1757 2431 sit,
1773 2365 1845 2437 quod

195 2462 257 2518 dnm
274 2460 313 2517 illi
328 2459 463 2526 dicerent,
488 2457 596 2513 tametsi
619 2459 719 2528 sapius
733 2459 822 2514 otiose
845 2467 873 2513 et
894 2454 994 2511 irustra
1045 2454 1106 2522 ltus,
1123 2456 1215 2513 minus
1228 2471 1310 2527 quam
1331 2456 1414 2527 illos,
1429 2459 1549 2516 Ecclesia
1563 2458 1696 2516 catholica
1713 2459 1784 2516 serre
1799 2476 1848 2531 po·

101 2586 107 2594 ·
196 2552 535 2621 inculcarent,patienter
550 2548 703 2605 idaudire:
719 2547 911 2620 quodquidam
925 2545 995 2602 liar-
1044 2549 1137 2605 tuerit.
1158 2547 1227 2605 Cum
1248 2562 1313 2619 erqo
1334 2549 1481 2606 Donatistae
1506 2565 1587 2621 pares
1611 2559 1675 2607 esse·
1689 2551 1848 2609 viderentur

197 2644 328 2703 collinum
346 2642 444 2700 iecisse
460 2643 529 2698 Acta
549 2650 694 2698 testantur.
712 2641 786 2697 Saue
800 2641 868 2696 mira
880 2641 930 2694 iuit
949 2639 995 2695 itla
1046 2640 1169 2697 doctrina
1181 2652 1209 2696 et
1221 2639 1329 2709 ritibus,
1340 2640 1479 2698 diiilcilior
1491 2656 1553 2699 cum
1569 2642 1601 2698 iis
1614 2641 1664 2699 ιιιιι
1674 2644 1708 2699 de
1720 2643 1848 2700 Ecclesiae

196 2752 292 2796 corum
307 2734 465 2792 cavillatio:
480 2734 552 2806 quud
576 2734 620 2791 ubi
656 2731 844 2805 proferebatur
866 2731 996 2789 ecclesia·
1048 2732 1186 2805 agnitione
1198 2732 1380 2805 quastioret
1399 2733 1461 2789 aliis
1487 2734 1660 2791 indiciisluit
1679 2749 1749 2804 opus
1765 2751 1847 2807 qnam

196 2821 996 2894 sticumconcillmucumsuodieetconsule:propterad·
1048 2824 1180 2883 doelrinae
1199 2835 1227 2882 ei
1244 2835 1490 2882 sacramentorum.
1513 2826 1548 2883 Et
1568 2841 1635 2884 vero
1653 2828 1675 2883 si
1699 2827 1848 2884 ὓιιηῃιίειω

194 2920 297 2993 jectam
308 2920 379 2974 lrarrc
386 2917 518 2989 temporis
526 2913 995 2983 notationem,catrsalranturllctnm
1047 2935 1110 2976 cum
1126 2919 1246 2977 Ecclesia
1268 2920 1401 2978 catholiea
1415 2923 1651 2979 communicarent
1663 2929 1717 2979 tam
1731 2923 1758 2980 in
1778 2925 1847 2982 doc·

197 3030 260 3071 esse
281 3008 439 3070 concilium.
471 3009 587 3075 Rursus,
615 3026 677 3066 curu
702 3006 810 3078 aliquod
827 3006 998 3062 Constantini
1044 3016 1118 3070 ‘anina
1133 3014 1306 3086 fidei,qnam
1330 3015 1356 3071 in
1379 3016 1519 3072 ritilruset
1533 3017 1714 3089 caeremoniis,
1741 3016 1848 3075 tametsi

198 3106 360 3178 rescriptam
381 3104 415 3160 ils
434 3103 631 3174 objiciebatur,
646 3103 691 3158 cui
715 3103 785 3157 iorte
800 3100 921 3172 adiectus
942 3116 995 3155 non
1049 3123 1110 3164 cum
1127 3108 1251 3179 personis
1266 3124 1319 3164 non
1340 3110 1596 3178 communicarent,
1619 3126 1687 3183 quas
1711 3122 1849 3185 tamquam

199 3208 258 3256 erat
278 3214 355 3255 cons.
372 3197 452 3254 iudea
469 3195 556 3268 ipsius
572 3195 657 3251 anni:
673 3205 818 3266 propterca
832 3185 1033 3250 casilinum-C
1050 3200 1168 3271 pollutas
1181 3198 1368 3270 refugiebant,
1392 3200 1511 3257 nonnisi
1526 3202 1668 3273 cuiusdam
1683 3204 1850 3262 morositatis

199 3303 244 3349 tur
259 3291 356 3347 ialsurn
369 3299 396 3346 et
410 3288 502 3345 fletum
517 3302 627 3358 quoque
640 3300 713 3343 esse.
724 3286 793 3352 Qnrid
807 3283 998 3341 llarcellinusi
1050 3289 1168 3347 neniam
1182 3291 1266 3347 tuisse
1279 3291 1397 3348 viderur,
1413 3293 1467 3350 sed
1483 3293 1513 3349 iq
1528 3308 1577 3350 qus
1590 3293 1700 3353 senique
1710 3296 1750 3353 ,10
1758 3297 1850 3352 vam.

199 3386 234 3444 de
247 3383 373 3443 conciliis
388 3384 454 3440 nihil
467 3383 543 3438 dicit.
556 3381 642 3438 Nimis
653 3380 727 3437 enirn
738 3391 830 3435 aretum
842 3388 1000 3448 certumque
1050 3392 1126 3450 runt,
1136 3394 1164 3442 ut
1175 3383 1227 3440 sibi
1244 3385 1310 3455 ipsis
1335 3401 1388 3440 non
1404 3387 1603 3452 consentirem,
1617 3397 1644 3443 nt
1658 3387 1686 3443 in
1699 3387 1852 3447 continuone

202 3487 271 3545 etsi.
287 3476 401 3540 arenam
412 3474 554 3547 consulem
567 3472 738 3540 iisadscribi,
750 3481 780 3527 ut
793 3473 855 3528 ileta
871 3486 924 3527 nou
939 3486 1000 3528 esse
1051 3477 1526 3550 miscerentiarconstanterqucdam
1540 3481 1728 3552 repugnantia.
1743 3482 1851 3555 Alioqui

202 3567 396 3641 intelligantur.
417 3569 470 3625 Sed
482 3571 650 3639 pronuntiat,
670 3583 723 3624 non
738 3582 839 3623 nocere
852 3577 942 3623 tamen
952 3582 998 3623 ve·
1051 3569 1171 3627 dicerem
1184 3586 1219 3626 co
1234 3570 1364 3626 recidisse
1377 3581 1528 3636 certamen,
1540 3584 1567 3628 ut
1588 3573 1660 3644 quod
1678 3574 1704 3629 in
1727 3574 1853 3647 symbolo

202 3663 276 3723 ritati
291 3666 381 3736 legum
396 3672 426 3719 et
438 3666 645 3734 rescriptorum,
661 3666 683 3721 si
699 3664 799 3721 omissa
814 3665 851 3721 sit
864 3664 923 3721 hauc
934 3677 1001 3721 tem-
1052 3677 1148 3719 omnes
1161 3662 1370 3734 promebantur,
1393 3662 1543 3719 Ecclesiam
1557 3680 1638 3721 unam
1654 3680 1716 3723 esse
1730 3677 1852 3723 sarrctam

204 3758 278 3829 poris
291 3759 411 3812 tromtio:
426 3753 561 3829 (loquitor,
583 3756 671 3826 lnquit
692 3755 873 3828 huqrrstinus,
895 3757 1003 3811 interlo-
1053 3768 1080 3812 et
1094 3754 1267 3826 catholicam,
1281 3756 1306 3811 in
1321 3753 1473 3813 collatione
1488 3758 1694 3830 Carthaginensi
1710 3760 1784 3817 varie
1796 3761 1852 3831 agi·

204 3861 278 3906 catur
290 3860 338 3916 eat,
351 3848 550 3904 euidentissimis
562 3847 660 3921 lepidus
670 3849 804 3921 definitam
817 3848 1003 3921 esacimperio·
1054 3856 1140 3903 tatum
1162 3850 1218 3903 sit:
1233 3863 1296 3904 cum
1313 3850 1398 3905 nostri
1413 3860 1541 3922 urgerent
1559 3853 1683 3911 vaticirtia
1705 3855 1854 3925 propbeta·

206 3943 416 4004 iioccrratitutc,
443 3941 544 3998 etiarnsi
566 3941 685 3996 contrita
708 3958 760 3996 non
784 3943 949 4012 tenerentur,
976 3939 1004 3994 tn
1053 3956 1126 4009 rum,
1151 3958 1212 4014 quas
1238 3942 1401 4000 catholicam
1417 3945 1600 4014 promittunt:
1616 3947 1764 4005 Donatistae
1787 3965 1854 4006 sero

205 4035 314 4090 dubium
326 4051 378 4089 non
389 4021 562 4091 rocam'Scio
571 4031 781 4090 Corratarrtirrum
805 4032 1002 4104 rescripsisse,
1054 4046 1223 4110 opponerent
1236 4036 1373 4105 vaticinia,
1384 4054 1445 4109 quae
1455 4027 1575 4097 narseum
1589 4039 1746 4098 describunt
1761 4043 1855 4100 Eccle-

206 4127 367 4185 auctoritate
380 4142 476 4184 carere
488 4128 641 4198 personalia
651 4126 797 4190 beneficia,
811 4142 872 4198 quae
886 4127 946 4181 sinc
959 4123 1004 4180 die
1055 4130 1135 4184 siam.
1152 4127 1249 4184 Fateor
1262 4143 1372 4184 causam
1398 4128 1468 4186 hanc
1488 4129 1619 4187 adsersus
1633 4130 1792 4188 Petilianum
1806 4174 1813 4201 ,
1826 4143 1855 4190 et

206 4229 234 4279 ct
248 4220 362 4277 rorrsulc
378 4219 632 4291 prosternerentur
657 4216 689 4274 G.
704 4218 739 4275 de
751 4218 853 4274 divers.
870 4216 1004 4287 liescript.
1057 4219 1200 4276 nervosius
1210 4227 1238 4274 et
1252 4217 1359 4289 planius
1369 4220 1458 4291 egisse
1475 4220 1654 4292 Augustinum
1670 4221 1718 4280 lib.
1732 4222 1853 4281 delinit.

206 4314 260 4370 Sed
272 4313 365 4370 salitam
393 4311 587 4370 berrellciorum
604 4311 657 4367 alia
671 4312 741 4367 ratio
757 4321 819 4368 est:
834 4310 936 4382 etipse
959 4311 1006 4367 iu·
1057 4327 1137 4383 quam
1150 4312 1177 4367 ιιι
1194 4311 1251 4383 ipsa
1264 4311 1438 4369 collatione:
1453 4313 1516 4383 quia
1530 4314 1707 4384 scriptionem
1732 4329 1785 4371 noa
1812 4317 1856 4372 in·

208 4407 351 4470 stinianos,
366 4404 429 4462 licet
440 4404 491 4461 boc
509 4406 671 4476 rescriptum
693 4404 720 4460 in
732 4419 810 4460 sarram
825 4402 953 4461 codicem
964 4419 1007 4461 re·
1058 4403 1245 4473 terrumpebat
1257 4402 1448 4469 aduersarius,
1468 4414 1497 4460 ut
1506 4405 1657 4462 orationem
1670 4421 1678 4473 ;
1699 4406 1746 4463 sed
1760 4407 1855 4465 eadem

210 4499 313 4565 tulerit,
339 4508 430 4554 tamm
452 4495 581 4568 praelatus
599 4508 639 4553 est
665 4495 691 4553 id
719 4498 772 4553 dici
796 4513 850 4553 oon
871 4496 1007 4565 possode
1059 4511 1168 4567 sernper
1186 4510 1268 4552 causa
1290 4494 1351 4552 luit.
1365 4495 1550 4555 observemus
1573 4509 1682 4568 autem,
1702 4501 1858 4560 catholicos

210 4591 467 4649 Constitutionibos.
496 4590 564 4649 liam
589 4592 691 4648 nuliam
714 4592 912 4650 dubitationem
942 4563 1047 4650 intel)
1059 4590 1140 4645 aliam
1157 4605 1210 4647 non
1226 4587 1423 4661 admiscuisse,
1438 4607 1500 4665 quc
1522 4592 1673 4650 institutam
1696 4594 1856 4669 disputatio·

211 4697 351 4754 errrergere
372 4684 449 4751 vult,
473 4685 544 4754 quud
565 4683 689 4756 qnamdam
712 4685 772 4742 sine
786 4684 831 4741 die
852 4693 880 4741 et
894 4685 1008 4741 consule
1060 4697 1123 4738 nem
1140 4682 1339 4754 perturbasset.

211 4777 371 4844 corarpostta
383 4775 518 4846 leqantur.
532 4776 605 4834 Sanc
623 4791 685 4833 curn
699 4787 871 4848 quaereretur
885 4777 919 4833 de
939 4792 1008 4849 qua·
1097 4773 1226 4830 struunt
1253 4771 1370 4831 sortasse
1392 4774 1545 4834 Donatistis
1560 4776 1656 4836 odiose
1672 4778 1792 4851 objicere
1808 4782 1859 4839 ali·

211 4867 273 4925 daun
292 4870 407 4937 epistola
421 4871 625 4936 sirecautinne,
640 4869 784 4942 respondit
808 4878 901 4926 noster
916 4869 1010 4925 tervi-
1061 4864 1860 4940 quid355hriarrismi.seduoluntalioeacurrere,etma-

211 4960 272 5016 dios
286 4960 407 5018 Scaevola
420 5003 428 5026 ,
440 4980 493 5019 non
509 4961 572 5018 ideo
581 4963 685 5022 nullius
705 4977 768 5020 esse
793 4964 924 5020 momenti
936 4964 1008 5035 quad
1063 4958 1123 5014 lunt
1134 4957 1220 5013 ararica
1234 4957 1377 5026 coradmri,
1392 4960 1445 5016 sibi
1458 4975 1520 5017 cum
1539 4961 1573 5018 iis
1586 4978 1643 5019 rem
1657 4979 1735 5035 esse,
1757 4982 1811 5023 oon
1825 4969 1861 5028 de

203 5053 326 5132 ‘sinedic
338 5064 365 5109 et
380 5055 559 5122 consulesit,
586 5055 605 5110 l.
622 5054 658 5112 di
682 5055 717 5111 de
739 5055 849 5127 Pignnr.
880 5055 916 5113 Et
937 5054 1010 5127 quod
1063 5049 1164 5121 eapite,
1180 5049 1272 5117 idest,
1289 5049 1410 5119 Christo,
1426 5051 1476 5109 sed
1490 5051 1525 5110 de
1543 5068 1669 5126 corpore,
1689 5058 1716 5114 id
1734 5070 1787 5127 est,
1809 5061 1861 5120 Dc·

213 5144 241 5201 in
256 5145 402 5202 Pandectis
429 5161 482 5202 uon
496 5156 605 5216 exstat,
629 5146 765 5204 invenitur
776 5147 912 5217 quoddam
937 5147 1011 5217 lraq·
1064 5142 1159 5199 clesia.
1179 5142 1308 5212 Quinimo
1320 5145 1500 5215 questionem
1516 5146 1551 5203 de
1565 5149 1769 5222 anabaptismo,
1783 5156 1862 5225 cuius

213 5249 336 5296 mentum
354 5254 388 5294 ex
411 5238 489 5294 libris
511 5240 665 5311 reqularum
677 5240 763 5295 riustri
777 5237 932 5307 litidestini,
944 5238 1012 5295 nihil
1066 5244 1144 5291 eraut
1159 5234 1198 5290 rei
1212 5236 1370 5300 Donatistae.
1387 5237 1431 5293 bic
1444 5239 1528 5295 etiam
1542 5242 1688 5300 omittunt:
1705 5253 1809 5302 etcum
1827 5247 1862 5304 iis

215 5346 316 5388 nocere
329 5338 504 5397 testarueuto,
515 5332 538 5387 si
548 5331 607 5388 dics
618 5344 646 5388 et
656 5331 750 5389 consid
766 5330 864 5402 adjecti
882 5346 935 5388 non
947 5332 1012 5387 sint.
1066 5335 1150 5399 aqum
1171 5327 1286 5400 perinde
1305 5338 1388 5396 atque
1406 5345 1469 5387 cum
1487 5331 1678 5404 Luciferianis,
1700 5336 1747 5408 qui
1764 5339 1861 5397 οοιιειιι

215 5425 304 5498 hdjiei
317 5434 408 5481 tamen
422 5425 523 5496 sapius
534 5426 674 5482 solebant:
685 5425 750 5481 lieet
761 5424 807 5480 ald
818 5432 1011 5481 assumentum
1067 5428 1190 5489 empore
1206 5417 1234 5474 in
1254 5420 1311 5489 ipsa
1325 5420 1408 5477 etiam
1426 5423 1516 5480 sirica
1535 5437 1677 5497 separatos
1692 5429 1726 5485 ab
1741 5429 1862 5488 Ecclesia

216 5519 399 5590 aperiebatur,
416 5519 487 5576 dican
501 5530 530 5576 et
539 5520 690 5585 consulem,
706 5519 793 5590 iuquit
809 5529 903 5575 noster
924 5516 1016 5588 Ulpia-
1067 5512 1279 5571 catholicarum
1293 5514 1548 5589 emtushabebaut,
1568 5536 1658 5594 neque
1673 5533 1763 5579 tamen
1777 5522 1864 5596 ltaets·

218 5627 282 5679 nans,
306 5628 360 5669 non
381 5613 535 5686 patiebatur
548 5611 654 5665 Prator
664 5610 782 5667 describi
794 5610 836 5667 vel
850 5610 964 5682 inspici,
981 5626 1016 5667 ne
1067 5608 1123 5675 tici,
1139 5605 1187 5662 sed
1203 5607 1292 5677 potius
1300 5610 1467 5670 schismatici
1477 5625 1573 5670 oraru:
1585 5614 1671 5671 multo
1680 5622 1770 5673 tamen
1780 5632 1862 5689 quana

218 5705 282 5778 quid
307 5705 366 5763 iulsi
389 5708 446 5772 dat,
463 5703 509 5760 lib.
531 5718 561 5769 u,
574 5701 808 5770 Quemadmodum
825 5715 1015 5762 testamentum
1068 5701 1216 5757 Donatistae
1231 5700 1422 5761 modestiores.
1437 5707 1587 5774 eramdam
1605 5722 1666 5764 curn
1682 5706 1725 5765 his
1742 5712 1865 5770 collatio-

218 5811 296 5870 aper·
322 5794 376 5855 Sed
399 5798 461 5871 quis
483 5793 626 5852 mirabitur
648 5794 803 5853 Donatistae
823 5795 1015 5854 incohatione
1066 5810 1129 5853 nem
1150 5790 1268 5865 quodam
1284 5795 1506 5872 Carthaginiensis
1527 5812 1589 5857 cum
1613 5800 1764 5864 Donatistis
1780 5802 1866 5864 colla·
