4142 6175
289 401 356 461 itit
1016 383 1201 447 triennit.
1870 376 1952 435 lm

289 508 421 577 Ecclesia,
434 508 527 581 sieque
542 520 603 562 cuin
628 519 661 562 ed
674 503 831 576 conjuncta,
845 508 875 556 dt
899 512 952 561 non
968 497 1088 571 potuerit
1099 493 1307 567 Aquarimoiiia
1330 493 1435 565 liquere
1462 491 1626 564 generaliter
1650 489 1812 555 contendit,
1839 491 1948 553 unitam

288 602 382 664 dividi,
394 600 457 679 quin
473 599 570 675 religio
583 597 761 662 divideretur,
778 595 831 651 boc
844 602 897 662 est,
912 592 976 664 quin
989 591 1036 663 qni
1053 590 1088 647 ab
1138 586 1309 663 temporibus
1324 585 1391 640 Elide
1403 583 1487 640 luisse
1504 585 1651 640 Ecclesiam
1666 582 1876 654 aspectabilem.
1896 582 1949 637 Αι-

289 713 322 755 eo
336 697 512 759 descisceret,
528 692 682 753 schismatis
692 705 754 749 retis
768 697 850 745 essct.
866 686 932 743 Nam
947 686 993 757 qui
1008 683 1043 740 ab
1055 698 1088 739 eo
1137 694 1191 747 que
1204 679 1262 750 ipsa
1276 677 1389 732 historia
1412 691 1488 733 sacia
1501 685 1616 733 testatur
1639 678 1725 733 Etiam
1740 684 1846 732 tantum
1867 675 1949 748 loqui

289 788 443 856 dechppgp
458 788 494 843 qq,
508 786 632 845 Ecclesia
645 798 754 856 φωρ
766 782 824 853 ipsa
838 779 993 839 deficiebat,
1007 777 1090 837 Certe
1138 768 1173 825 de
1186 784 1270 840 regno
1285 767 1393 824 israelis
1407 768 1452 823 tibi
1469 769 1609 825 habitabat
1624 787 1631 823 :
1648 770 1675 824 iu
1690 784 1776 841 regno
1790 780 1885 825 autem
1899 769 1952 825 tu·

289 873 1089 955 ongum„pocregnmugppogcqugta,pgatm,gxxpu
1139 860 1181 919 dae
1195 877 1229 917 eo
1244 873 1366 932 tempore
1378 860 1462 917 luisse
1481 862 1615 919 illustrem
1639 861 1788 918 Ecclesiam
1809 872 1952 933 regnante

290 984 318 1034 ei
330 989 396 1033 dvttt
411 990 419 1029 z
435 980 464 1030 et
478 972 559 1027 batid
575 977 717 1042 propterea
736 967 878 1023 dicebatur
892 963 1090 1037 primogenitus
1138 955 1281 1028 iosaphat,
1295 971 1376 1027 quem
1390 963 1418 1011 et
1431 964 1566 1026 tamquam
1584 955 1699 1015 aiterum
1714 954 1847 1011 Davidem
1862 957 1954 1015 tuisse

291 1069 364 1127 inter
376 1080 466 1141 reges,
485 1063 581 1137 psalm.
594 1076 706 1121 ancxir.
720 1061 767 1127 ht,
779 1058 897 1130 inquies,
911 1056 984 1113 Deus
999 1065 1091 1113 tamen
1139 1049 1284 1122 significat.
1304 1050 1362 1107 lino
1375 1064 1440 1107 iero
1454 1050 1525 1106 idem
1537 1050 1666 1106 Caluinus
1680 1052 1705 1104 iu
1720 1054 1779 1121 ipsa
1792 1064 1845 1106 sua
1862 1052 1951 1108 insti-

289 1159 389 1219 ‹tiqtiur
402 1155 527 1213 divisisse
550 1169 663 1227 regnum
678 1151 799 1209 ilaiidis.
813 1149 924 1219 Fateor,
945 1146 993 1203 sed
1009 1145 1091 1219 longe
1139 1141 1244 1196 tutione
1258 1141 1364 1197 ridetur
1387 1139 1500 1196 conluse
1519 1140 1620 1209 dicere,
1646 1139 1716 1211 qnod
1737 1140 1893 1197 bonatista
1923 1144 1953 1200 iia

290 1252 345 1309 aiio
358 1249 423 1315 line,
437 1262 517 1323 quam
533 1246 592 1319 ipse
605 1244 750 1303 leroboam
765 1241 954 1298 schismaticus
968 1246 1016 1294 aut
1028 1254 1091 1310 quas
1140 1232 1291 1291 Collatinus
1303 1234 1434 1290 dicebant
1453 1232 1503 1289 bac
1517 1233 1543 1288 in
1557 1242 1644 1305 parte.
1662 1233 1777 1304 hiicgat,
1791 1232 1955 1305 Prophetas

290 1356 354 1409 etim
375 1352 476 1398 secutae
489 1350 552 1397 sunt
564 1338 658 1394 decem
679 1336 775 1400 tribus,
792 1349 906 1406 quarum
924 1334 1003 1406 lenge
1017 1331 1092 1391 aliud
1142 1328 1288 1385 deloilaeis
1307 1339 1336 1386 et
1358 1328 1489 1385 israelitis
1508 1328 1550 1384 siti
1568 1327 1660 1383 smciiii
1682 1328 1783 1399 passim
1797 1330 1954 1397 clamasse,

292 1438 353 1503 leit,
374 1450 454 1505 quain
473 1434 522 1490 Dei
544 1431 699 1488 consilium.
716 1428 780 1485 linc
799 1426 888 1482 obiter
907 1425 978 1483 dicta
998 1432 1089 1481 sunto.
1144 1420 1254 1511 prolana
1267 1438 1329 1478 esse
1339 1422 1539 1491 conventicula,
1551 1422 1652 1495 quibus
1665 1437 1717 1476 iioii
1728 1424 1812 1494 magis
1823 1438 1952 1480 consen·

291 1528 437 1587 Conclusio
456 1524 600 1597 Augustini
622 1531 716 1579 codun
744 1520 907 1577 Petilianum
934 1526 986 1582 est,
1008 1515 1093 1573 tuisse
1144 1513 1195 1570 tire
1211 1514 1301 1579 iiceat,
1314 1530 1396 1591 quam
1411 1515 1497 1570 [leiim
1512 1516 1648 1585 abnegare
1668 1535 1676 1572 ε
1692 1512 1735 1569 rei
1750 1514 1772 1571 si
1787 1514 1842 1569 iliae
1855 1514 1957 1572 Eccie

292 1624 375 1678 ctiam
395 1621 422 1679 in
438 1618 538 1675 israele
558 1615 715 1689 propbetas.
737 1612 836 1670 lindio.
856 1610 910 1668 Sed
925 1620 989 1665 tuuc
1006 1608 1094 1664 iatcor
1143 1607 1192 1663 sia
1214 1607 1346 1675 luerunt,
1373 1607 1408 1663 ab
1432 1605 1556 1663 Ecclesia
1584 1606 1632 1664 liei
1659 1607 1764 1663 alienos
1790 1608 1899 1677 luisse,
1925 1611 1956 1669 in

292 1715 450 1772 bonatistas
464 1723 539 1770 recte
552 1712 664 1770 dixisse.
679 1707 903 1764 commorationis
917 1703 984 1760 iilud
996 1701 1092 1771 luisse,
1145 1699 1245 1757 inacte
1259 1701 1380 1772 nitidem,
1394 1699 1494 1767 Etiam,
1509 1700 1649 1759 llichaam
1658 1708 1687 1755 et
1697 1702 1820 1758 similes:
1837 1703 1865 1757 in
1876 1703 1955 1761 iuda

293 1825 347 1866 uon
363 1807 571 1865 communionis.
585 1807 613 1863 ln
623 1803 691 1861 tuda
703 1815 769 1858 uero
781 1814 834 1857 nou
847 1798 927 1853 moilo
939 1810 1093 1861 commora·
1145 1802 1234 1848 antem
1254 1790 1362 1859 isaiam,
1379 1793 1538 1859 ieremiam,
1553 1791 1661 1851 Oseam.
1684 1793 1828 1851 Concludit
1858 1808 1958 1855 autem

295 1912 336 1958 tos
350 1916 422 1967 esse,
442 1898 587 1956 sedetiam
606 1892 833 1958 communicasse,
851 1888 995 1946 dicendum
1011 1886 1093 1943 etiam
1108 1886 1133 1949 Β
1147 1899 1259 1940 necesse
1272 1882 1368 1951 luisse,
1396 1885 1430 1939 ali
1445 1899 1540 1940 eorum
1553 1893 1672 1940 coetunm
1686 1887 1868 1943 consensione
1889 1888 1958 1945 des-

294 2003 347 2060 est,
362 2002 390 2048 ut
401 1999 464 2047 aute
477 1988 617 2046 admonui.
1145 1976 1260 2046 discere,
1283 1994 1344 2048 quse
1367 1979 1435 2033 nihil
1450 1977 1524 2033 aliud
1543 1986 1695 2050 eratqnam
1711 1981 1797 2050 impia
1816 1980 1959 2039 adversus

331 2085 380 2143 liic
394 2098 445 2154 ego
466 2082 572 2138 reniam
590 2078 711 2135 audaciae
727 2084 859 2149 peterem,
884 2074 906 2129 ii
927 2073 1009 2147 patilo
1023 2070 1095 2127 lihe·
1148 2068 1232 2123 ileum
1246 2069 1425 2140 conspiratio.
1441 2069 1509 2139 Quis
1525 2084 1579 2126 non
1596 2069 1669 2127 ridet
1681 2071 1740 2127 haec
1757 2072 1872 2127 contuse
1886 2073 1959 2140 dici,

294 2176 352 2233 ritis
365 2174 461 2230 uidcor
473 2180 569 2228 notare
585 2172 611 2225 in
624 2168 775 2240 Augustino
790 2176 817 2222 et
832 2165 892 2237 eius
902 2164 1028 2235 collegis,
1040 2176 1096 2240 non
1146 2163 1191 2218 nbi
1206 2161 1427 2234 distinguendum
1443 2171 1503 2220 erat
1512 2165 1583 2220 inter
1596 2164 1694 2220 iudam
1707 2174 1736 2221 et
1749 2164 1905 2225 lsraelem?
1922 2165 1958 2223 Et

294 2265 406 2324 satisab
421 2266 453 2321 iis
461 2264 636 2321 observatum
647 2276 709 2319 esse
721 2260 867 2317 discrimen
880 2256 956 2314 lude
969 2265 997 2314 et
1011 2256 1097 2313 israe·
1147 2274 1215 2314 iero
1226 2257 1254 2314 iu
1269 2259 1365 2314 eadem
1388 2258 1469 2330 patilo
1484 2266 1547 2315 aute
1562 2259 1727 2331 pagiiiasihi
1742 2260 1821 2314 reidti
1839 2270 1959 2317 contra·

294 2361 338 2417 iis.
355 2358 409 2417 Sed
424 2357 535 2430 pudoris
549 2358 732 2429 potiusquam
747 2352 902 2424 petulantiae
916 2350 1000 2407 ullius
1014 2348 1097 2406 resti·
1147 2351 1252 2421 dicens,
1267 2351 1336 2407 dixit
1350 2350 1423 2422 qddd
1437 2361 1465 2407 et
1480 2352 1618 2417 nolumus,
1636 2361 1664 2407 et
1681 2352 1715 2407 ad
1734 2352 1894 2408 dimersus
1910 2369 1957 2410 re·

295 2455 367 2524 glum
381 2452 408 2508 in
425 2466 486 2507 meo
500 2449 571 2506 lacto
584 2455 714 2521 agnoscet
725 2461 820 2520 aquus
832 2454 860 2501 et
871 2442 995 2501 veritatis
1013 2442 1096 2515 362
1148 2442 1280 2499 lellendos
1292 2444 1418 2500 dicimus.
1430 2462 1440 2497 i
1453 2443 1565 2510 Fateor,
1577 2445 1674 2518 iuquit,
1687 2445 1834 2518 propbetas
1843 2462 1958 2517 omnes,

295 2544 434 2601 studiosus
456 2542 550 2619 juder.
565 2541 646 2597 Certe
670 2548 699 2596 dt
717 2539 783 2595 mihi
810 2538 945 2607 integrum
971 2549 1024 2590 nou
1048 2534 1098 2591 luit
1148 2537 1193 2607 qui
1212 2535 1537 2608 llierosoiymisluerimt,
1551 2551 1613 2593 cnm
1627 2554 1671 2594 res
1683 2537 1737 2594 iilic
1751 2547 1845 2595 esseut
1857 2539 1959 2595 admo-

296 2638 468 2695 dissimulare
478 2635 551 2708 quod
565 2632 726 2699 sentiebam,
740 2631 780 2686 sic
793 2642 912 2701 agnosco
923 2626 1023 2684 lactum
1034 2641 1098 2685 esse
1147 2626 1210 2683 duni
1225 2640 1373 2699 corruptae,
1388 2644 1438 2686 nee
1450 2645 1574 2687 seorsum
1598 2630 1778 2700 sacriticasse,
1799 2648 1851 2689 nec
1865 2650 1953 2706 sepa-

297 2728 414 2801 qnodam
431 2728 532 2798 impetit
553 2724 754 2801 disputationis,
770 2721 805 2777 ad
821 2722 1023 2779 Donatistarum
1037 2734 1097 2775 ind-
1149 2728 1223 2775 ratos
1236 2720 1270 2776 ah
1284 2721 1344 2776 aliis
1356 2729 1443 2778 emtus
1459 2722 1586 2778 babuisse
1598 2722 1631 2779 ad
1649 2722 1796 2780 orandum
1812 2725 1961 2784 ilabebant

298 2821 466 2877 rosissimam
495 2816 728 2891 importunitatem
747 2814 967 2886 reprimendam,
992 2822 1022 2868 nt
1045 2810 1097 2867 Ca·
1148 2813 1221 2867 enim
1247 2810 1293 2866 llci
1314 2812 1492 2881 mandatum,
1511 2829 1566 2885 quo
1588 2816 1614 2869 iu
1639 2816 1770 2888 tempium
1797 2815 1960 2877 Salomonis

298 2912 392 2968 tholici
411 2913 437 2968 iu
461 2908 613 2967 Coiiatioue
635 2908 724 2964 minus
746 2906 919 2962 distinxerint
937 2903 1034 2963 ludam
1063 2903 1098 2959 ab
1148 2907 1296 2963 conrcnire
1311 2906 1489 2979 jubebantur.
1515 2907 1677 2965 Sacerdotes
1699 2908 1848 2978 lacriiicos,
1871 2927 1958 2983 qens,

298 3005 410 3074 israele,
436 3019 497 3060 cum
522 3000 670 3075 propbetas
690 2984 863 3073 quantumvis
883 3012 993 3054 severos
1017 2996 1099 3052 uitio·
1149 2999 1212 3067 qnia
1233 3013 1373 3053 sacrorum
1395 2999 1534 3055 antistites
1554 2999 1672 3054 ordinati
1692 3008 1773 3060 erant
1796 3002 1958 3073 aboniino,

299 3115 359 3156 rum
374 3098 586 3169 reprehensores
602 3095 712 3151 minime
726 3093 848 3148 omnium
864 3093 947 3150 inisse
961 3092 1096 3148 schisma·
1150 3091 1265 3148 necdum
1282 3091 1410 3158 abdicati,
1430 3101 1578 3163 utcumque
1598 3093 1701 3164 indigni
1724 3108 1759 3150 ed
1777 3092 1885 3151 honore
1908 3113 1959 3152 es·

298 3192 367 3247 ticos
389 3188 534 3245 ostendere
550 3186 663 3256 uellent,
686 3195 714 3244 et
733 3184 889 3241 Diinatistas
907 3182 986 3239 ratde
1005 3197 1099 3254 repre·
1150 3193 1223 3250 seut,
1234 3184 1324 3239 iocum
1336 3184 1411 3239 ilium
1427 3182 1516 3240 adhuc
1530 3193 1625 3240 tenere
1638 3198 1783 3242 nouerant.
1797 3187 1852 3244 Sed
1867 3205 1960 3259 neque

299 3284 462 3350 henderent,
479 3280 526 3354 qdi
540 3281 582 3339 siri
602 3279 757 3336 schismatis
774 3278 928 3360 exemplum
939 3267 1134 3352 repetebantC
1151 3274 1184 3332 ad
1197 3275 1279 3331 nilum
1292 3277 1508 3346 superstitiosum
1522 3277 1624 3331 cnltnm
1643 3278 1833 3348 adigebantur.
1853 3297 1864 3334 i
1880 3280 1958 3337 ideas

298 3394 315 3441 a,
333 3376 483 3449 prophetis,
502 3390 570 3446 quus
581 3374 681 3445 legisse
700 3388 757 3428 siim
776 3372 865 3444 geritis
882 3372 1013 3428 sacrificia
1029 3386 1098 3426 eon·
1150 3382 1244 3423 rursus
1257 3369 1283 3423 in
1298 3368 1392 3423 eadem
1404 3370 1556 3440 pauioante
1568 3385 1617 3424 sna
1634 3370 1739 3428 lustin:
1759 3389 1769 3424 i
1786 3373 1950 3456 horrenda,

297 3470 356 3524 tuse
376 3467 562 3534 clamitabant,
585 3466 724 3521 contrario
738 3465 854 3538 quddam
876 3464 956 3520 modo
969 3463 1047 3519 iuda·
1070 3474 1100 3521 et
1151 3460 1247 3530 inquit,
1261 3471 1323 3516 sunt
1340 3460 1393 3514 illie
1409 3459 1619 3536 descriptiones,
1638 3463 1747 3532 quihus,
1765 3463 1859 3532 isaias,
1875 3465 1955 3523 lere·

299 3559 413 3615 israelis
425 3556 570 3613 discrimen
588 3555 802 3611 coriluntleutes.
828 3552 962 3610 Craterum
986 3556 1098 3613 minime
1150 3550 1310 3617 iniasloel,
1329 3552 1493 3607 linhacucet
1521 3553 1564 3608 alii
1580 3553 1711 3610 Ecclesiae
1725 3554 1957 3627 Hierosolymari-

298 3650 399 3722 alioqui
422 3648 599 3721 brigantinum
624 3649 764 3719 ignorasse
782 3646 854 3717 quod
874 3646 939 3718 diri,
961 3646 1098 3703 imovero
1150 3659 1191 3697 ιι·
1205 3643 1316 3699 morbos
1326 3642 1481 3715 deplorant.
1494 3641 1521 3700 lii
1538 3646 1629 3716 plebe,
1642 3646 1668 3700 in
1682 3647 1854 3718 magistratu,
1872 3652 1898 3704 in
1910 3665 1958 3706 sa·

299 3743 352 3801 tale
373 3742 519 3798 discrimen
540 3742 684 3814 diiigenter
705 3740 772 3796 alias
790 3739 936 3810 iudicasse,
958 3740 1038 3796 testis
1056 3747 1100 3795 est
1148 3734 1315 3798 cerdatibus,
1338 3736 1428 3789 omnia
1454 3751 1540 3806 usque
1564 3736 1633 3792 ailco
1653 3749 1781 3812 corrupta
1804 3752 1897 3810 erant,
1924 3752 1956 3799 ut

299 3835 359 3905 cide
370 3835 440 3894 iiber
452 3835 548 3890 xinde
560 3834 640 3889 Ciuit.
655 3834 711 3889 liei.
1149 3828 1248 3883 clamet
1263 3826 1356 3894 isaias,
1376 3829 1505 3884 avertice
1519 3831 1617 3899 capitis
1630 3846 1716 3902 nsque
1730 3833 1764 3887 ad
1784 3832 1891 3889 calcem
1907 3852 1957 3908 pe·

336 3925 473 3981 litantem
490 3924 566 3981 noris
581 3924 662 3980 lindie
674 3925 781 3991 iloniis,
800 3926 846 3997 qui
860 3933 943 3982 totam
965 3925 1099 3988 Collatio·
1151 3919 1205 3989 dis,
1218 3919 1286 3975 nihii
1297 3935 1358 3975 esse
1370 3919 1425 3975 iilic
1438 3937 1547 3978 sanum.
1560 3922 1666 3994 lieiigio
1679 3925 1774 3994 partim
1784 3935 1959 3999 contempta,

301 4031 362 4072 nem
377 4013 620 4087 Carthaginensem
645 4025 756 4086 propter
776 4018 929 4088 μνημονικὸν
955 4017 1099 4094 iipppraps
1150 4012 1248 4080 partim
1268 4011 1463 4086 contammata.
1483 4012 1512 4067 ln
1536 4013 1659 4070 moribus
1675 4016 1775 4087 passim
1795 4018 1959 4076 referuntur

300 4107 425 4175 irridere,
442 4106 558 4163 ethonis
571 4104 697 4161 Patribus
711 4106 843 4163 insultare
855 4106 967 4176 retient,
982 4108 1098 4164 lienum
1149 4100 1229 4171 stitia,
1252 4106 1364 4175 rapine.
1380 4104 1513 4174 perfidie,
1534 4105 1635 4174 caedes,
1660 4116 1689 4163 et
1713 4108 1813 4163 similia
1835 4112 1958 4168 seelera,

298 4199 407 4271 aliquod
421 4199 552 4270 injiciam,
567 4199 641 4254 uenit
663 4198 690 4254 iri
710 4209 828 4255 mentem
842 4200 914 4270 qdod
926 4200 984 4272 ipse
1003 4200 1098 4257 Cairi-
1148 4196 1241 4266 Neque
1252 4206 1342 4254 tamen
1359 4205 1502 4269 propterea
1520 4209 1567 4255 aut
1582 4213 1667 4255 noras
1688 4200 1740 4255 sihi
1755 4201 1959 4260 Ecclesiaseri·

299 4288 350 4349 uiis
375 4307 507 4349 nouomm
533 4306 677 4348 censorum
702 4293 850 4364 princeps,
877 4307 938 4348 cum
962 4294 1099 4351 sexcentis
1149 4288 1260 4359 gabant,
1279 4296 1325 4344 aut
1348 4304 1418 4345 nora
1441 4289 1537 4344 aitaris
1557 4292 1738 4348 exstruebant
1752 4294 1904 4364 propheta,
1928 4297 1958 4353 iri

299 4386 399 4457 alioqui
420 4384 447 4441 in
461 4385 528 4440 loeis
548 4392 717 4453 annotasset,
730 4383 799 4439 illud
821 4400 837 4440 a
865 4384 1004 4456 prophetis
1017 4388 1099 4444 toties
1149 4383 1246 4453 quibus
1258 4392 1382 4453 separata
1397 4383 1530 4440 sacriticia
1547 4382 1680 4439 haherent
1694 4403 1701 4438 ε
1715 4385 1764 4439 sed
1776 4385 1958 4456 qualescum-

298 4474 444 4532 indicatum
467 4475 626 4541 discrimen,
648 4481 739 4531 tamen
764 4474 859 4531 nescio
880 4476 1017 4548 quomedo
1040 4479 1100 4548 eius
1150 4489 1204 4545 que
1221 4485 1314 4529 essent
1330 4475 1465 4542 homiues,
1493 4474 1553 4546 quia
1575 4482 1666 4529 tamen
1683 4477 1843 4549 reputabant
1860 4478 1959 4534 [lonii-

298 4567 422 4626 ohiiiisci
443 4567 562 4635 ridetur,
576 4567 622 4623 tabi
634 4568 661 4624 iu
676 4567 857 4639 disputatione
873 4568 995 4624 incaluit.
1017 4570 1099 4627 Certe
1150 4583 1214 4623 num
1229 4567 1299 4639 apud
1313 4582 1361 4623 eos
1376 4569 1488 4624 uerbum
1502 4584 1581 4625 sitem
1595 4569 1753 4640 deposuisse
1774 4579 1802 4625 et
1818 4585 1959 4628 cerenio-

298 4659 487 4732 cumprimum
507 4659 590 4715 iratus
602 4659 629 4715 in
652 4675 696 4716 me
710 4659 852 4727 scriberet,
875 4661 955 4716 etiam
974 4660 1039 4717 iilud
1054 4662 1096 4717 in·
1108 4646 1134 4709 l)
1147 4662 1206 4716 nias
1225 4659 1388 4728 instituisse,
1414 4662 1511 4732 quibus
1539 4663 1593 4718 iiiic
1613 4663 1772 4732 colebatur,
1806 4664 1833 4718 iu
1862 4665 1958 4721 medio

299 4753 413 4811 vertisse
435 4752 552 4810 uidetur.
575 4753 621 4809 hrt
632 4772 638 4809 :
650 4751 720 4819 Quiri
736 4751 923 4825 Hierosolymis
943 4770 1004 4811 erre
1019 4757 1098 4828 [nait
1150 4754 1295 4822 impiorum
1315 4763 1387 4810 ctetii
1402 4769 1483 4823 puras
1498 4769 1594 4809 manus
1607 4756 1640 4808 ad
1663 4755 1739 4811 illum
1754 4745 1957 4814 extendebant.
2048 4789 2050 4808 i

300 4845 429 4914 Ecclesia,
445 4863 496 4917 qno
511 4854 625 4917 tempore
642 4845 788 4900 sacerdotes
802 4861 818 4898 it
831 4846 944 4918 legitime
959 4846 1008 4903 Dei
1023 4851 1094 4904 cuitu
1114 4841 1119 4846 ’
1150 4847 1230 4904 Certe
1244 4848 1266 4902 si
1279 4858 1419 4919 putassent
1431 4847 1532 4919 aliquid
1543 4847 1607 4904 iude
1617 4848 1789 4919 contagionis
1802 4863 1833 4905 se
1843 4860 1959 4904 coutra-

303 4935 750 5010 terrenaethmeamtitqttcr.
769 4937 809 4991 Ait
828 4952 888 4992 ecre
907 4939 1098 5013 rjiitEccietiae
1151 4945 1228 5012 ltere,
1251 4943 1357 5000 centies
1386 4941 1476 5012 potius
1502 4943 1600 4998 mortui
1621 4940 1749 5011 luissent,
1775 4957 1855 5014 qnam
1878 4944 1958 5016 passi

301 5028 440 5082 auctoritas
452 5028 538 5101 rigere
557 5037 580 5084 et
593 5028 678 5083 adim
691 5027 807 5084 deluerit
819 5029 890 5100 speri
905 5032 971 5102 pios,
987 5049 1019 5088 ca
1032 5050 1097 5103 pro·
1152 5035 1266 5094 luissent
1283 5036 1348 5090 ilinc
1364 5048 1394 5089 se
1414 5035 1546 5105 pertrahi.
1568 5032 1640 5089 Niitii
1658 5049 1725 5107 ergo
1739 5048 1787 5090 eos
1802 5035 1956 5104 retinebat,

300 5116 382 5187 plictit
403 5126 481 5190 petet,
497 5119 647 5190 quietique
670 5119 783 5175 clement
798 5121 944 5192 longissime
958 5121 990 5178 ed
1011 5125 1092 5197 impie
1150 5127 1295 5201 girontinus
1319 5125 1514 5183 discessionem
1537 5127 1673 5196 lacerent,
1701 5141 1781 5199 quam
1806 5127 1958 5184 servanda

297 5223 386 5263 aarum
401 5208 512 5277 {actione
527 5210 709 5266 recedendum.
725 5211 798 5268 idem
815 5214 895 5283 paulo
912 5223 972 5284 post
986 5214 1033 5284 ait,
1049 5231 1095 5272 ne·
1149 5223 1262 5279 diritatis
1283 5219 1413 5276 studium.
1429 5220 1506 5290 Quod
1524 5221 1546 5278 si
1569 5220 1665 5292 religio
1688 5219 1789 5275 sanctis
1808 5220 1956 5292 prophetis
2047 5243 2048 5268 i

236 5387 240 5394 ἱ
297 5300 354 5373 gari
367 5316 421 5357 unii
437 5314 527 5372 posse,
539 5303 609 5376 apud
621 5305 769 5372 israelitas,
785 5305 831 5377 qni
845 5304 1037 5365 ieroboamum
1051 5326 1095 5367 se·
1149 5315 1210 5380 luit,
1232 5314 1268 5369 oh
1288 5313 1404 5384 piurima
1428 5321 1456 5367 et
1477 5311 1593 5366 maxima
1611 5314 1712 5368 scelera
1735 5325 1789 5367 non
1810 5311 1891 5367 onius
1906 5322 1958 5368 aet

298 5389 353 5448 enti
378 5394 452 5454 sunt,
472 5386 556 5444 luisse
577 5393 695 5463 aliquam
713 5393 874 5451 Ecclesiam.
902 5397 979 5453 Addo
1003 5398 1094 5460 iocum
1148 5403 1261 5460 alterius·
1281 5399 1782 5471 honiinis,sedpropemodiimtotius
1801 5403 1958 5472 populi,se
2047 5449 2048 5454 ,

297 5471 424 5561 absumi,
439 5466 485 5558 qui
505 5481 577 5558 nunc
589 5471 654 5526 milri
676 5474 702 5528 in
721 5484 839 5531 ruentem
858 5474 943 5531 renli.
962 5477 1030 5534 Nota
1053 5491 1096 5538 est
1150 5488 1184 5543 ah
1199 5485 1323 5542 Ecclesia
1340 5484 1462 5541 alienare
1479 5500 1486 5538 r
1502 5485 1615 5540 nimium
1636 5483 1714 5541 nobis
1733 5497 1905 5557 arrogamus.
1929 5487 1957 5542 si

298 5561 466 5622 querimonia
477 5545 543 5604 litis
551 5547 692 5642 prophetae
700 5556 892 5624 conquerentis
902 5557 1095 5617 sesereiictnm
1149 5568 1273 5640 protinus
1286 5564 1463 5619 aiideniusah
1474 5564 1602 5620 Ecclesia
1614 5562 1806 5623 communione
1819 5579 1955 5640 deucere,

298 5630 469 5720 181θὸ011111·
483 5625 666 5698 banereem
676 5634 839 5700 tintinnire
848 5633 883 5692 ad
896 5643 995 5693 statum
1008 5639 1097 5698 lsrae-
1148 5650 1195 5705 ubi
1209 5662 1263 5701 nun
1278 5646 1400 5700 omnium
1414 5658 1507 5699 mores
1525 5642 1568 5699 iet
1583 5652 1676 5704 nostro
1685 5644 1791 5716 iudicio
1804 5648 1848 5704 rei
1856 5645 1958 5706 Ciuis·

298 5705 334 5766 its
349 5718 438 5780 11011111
457 5724 539 5800 11111111
556 5707 633 5774 Judae
652 5710 817 5803 Augustinus
841 5725 916 5771 recte
939 5717 1097 5781 ehieiraiii
1148 5728 1228 5786 tisnae
1243 5726 1324 5784 etiam
1341 5723 1504 5794 protessieat
1517 5723 1696 5782 satisfaciunt.

298 5797 326 5842 et
337 5786 476 5844 admonuit
491 5787 538 5845 lib.
555 5804 609 5844 xiii
627 5785 664 5845 de
677 5789 792 5845 Ciuitate
805 5790 853 5847 liei
868 5808 929 5865 cap.
943 5796 989 5860 22.
1005 5799 1096 5857 Galat.
1186 5823 1196 5859 4
1215 5804 1275 5861 Jam
1290 5803 1390 5862 Christi
1407 5812 1435 5857 ei
1445 5803 1630 5873 apostulorum
1645 5807 1776 5874 530qu
1789 5807 1871 5877 quq„
1882 5807 1959 5872 gagg

254 5899 260 5911 .
298 5880 350 5923 nus
368 5868 499 5923 tamenin
520 5868 678 5944 prelatione
702 5882 759 5924 suae
784 5868 972 5950 institutionis,
991 5891 1026 5946 es
1048 5880 1094 5936 iiia
1146 5884 1239 5962 [leque
1259 5892 1349 5960 gennep
1372 5881 1505 5962 tarpeaim
1529 5885 1770 5974 perungam,
1787 5887 1835 5964 pp,
1850 5888 1954 5951 ppmpq
2045 5913 2046 5918 ,
