4142 6175
275 302 329 363 ibi
1002 295 1272 357 ebutsuottuttn.
1870 290 1925 350 900

268 431 297 478 et
311 422 338 477 iri
352 430 423 491 sarrit,
439 420 484 493 qui
499 419 591 491 parreia
607 418 716 475 mutatis
730 434 801 476 nrrnc
815 420 842 475 in
857 399 1011 474 Veronensi
1026 418 1067 471 ol·
1083 425 1209 484 uretur,
1232 430 1266 472 ex
1280 412 1335 470 alio
1356 421 1447 469 tanuen
1468 427 1521 469 ms.
1544 408 1704 484 capitulari,
1724 408 1770 481 qui
1785 408 1925 466 orationes

268 513 332 570 ticio
350 514 535 570 adhibeatur:
553 511 663 568 tertium
679 527 747 568 tero
760 527 776 568 e
789 511 894 567 duobus
914 525 981 567 mss.
1003 510 1070 566 Bre·
1121 509 1155 565 ad
1169 508 1251 564 horas
1265 506 1396 571 continet,
1412 512 1440 562 et
1458 522 1492 562 ex
1512 502 1705 576 Martyrologio
1717 500 1873 557 blonialiuns
1887 500 1924 558 de

269 603 362 660 viariis
384 603 540 659 ilonialitrm
563 603 592 660 S.
614 602 707 659 blaciae
728 601 783 673 jam
809 603 1009 673 promulgatum
1034 602 1069 656 ab
1121 601 1224 674 Campo
1243 601 1339 657 llartio
1359 599 1497 671 colligitur
1511 596 1595 653 luisse
1608 594 1696 652 oratio
1716 591 1787 650 Dera
1800 595 1845 662 orti
1858 608 1924 661 rot,

269 694 644 759 EditorilrusVeronensibus,
653 693 793 750 codicibus
802 703 964 752 tractatuum
975 694 1005 750 S.
1018 692 1070 750 zo·
1121 711 1182 767 orta
1196 696 1224 750 ln
1238 698 1323 762 prima
1337 691 1418 749 llissa
1431 690 1551 748 secondo
1564 689 1624 746 loco
1639 686 1813 745 describitur.
1829 685 1925 742 Mona-

269 789 347 846 nonis
362 790 531 858 praemissum
548 788 673 845 Bartlrius
685 801 826 861 perperam
842 789 957 845 credidit
972 788 1020 844 lib.
1038 805 1067 858 ιι,
1121 789 1189 845 ebos
1202 802 1267 845 reto
1285 786 1456 843 Zenrrrrianos
1481 784 1594 857 primam
1616 785 1767 840 orationem
1791 782 1924 853 cujusque

269 882 384 940 Adaeus.
401 896 461 953 cap.
478 882 523 948 li,
538 894 565 938 et
580 882 627 938 lib.
644 897 699 947 xrs,
714 896 774 949 cap.
790 881 837 938 tu.
851 882 941 938 Alium
954 879 1070 937 subinde
1122 883 1210 941 llissm
1222 899 1271 953 pro
1281 898 1387 955 quoque
1400 881 1470 938 lesto
1483 881 1618 953 propriam
1633 879 1704 936 iuter
1716 877 1804 934 cilicia
1820 875 1924 934 dixisse

268 977 381 1034 ederam
406 976 547 1049 hymnum,
562 977 607 1049 qui
624 978 650 1030 in
666 989 719 1031 ms.
742 974 873 1032 Vaticano
892 974 962 1032 taes
976 974 1005 1033 S.
1020 974 1071 1030 es
1121 977 1311 1049 cognoscimus
1324 993 1357 1032 ex
1369 975 1474 1031 duobus
1488 990 1553 1028 mss.
1566 973 1610 1042 otri
1625 973 1659 1029 ad
1670 970 1758 1028 oldcia
1774 987 1850 1027 sacra
1862 987 1922 1026 mo·

268 1073 349 1127 nortis
364 1069 523 1127 tractatibus
538 1069 677 1141 subjectus
690 1069 800 1141 legitur.
815 1069 972 1127 Orationem
986 1085 1070 1142 porro
1122 1068 1234 1125 austerii
1249 1067 1397 1124 Zenorriani
1419 1072 1552 1137 spectant.
1568 1064 1689 1121 ‘landem
1712 1051 1836 1120 dammas
1850 1062 1921 1118 anti-

267 1162 296 1221 in
311 1163 475 1220 Veronensis
493 1161 623 1219 Ecclesie
642 1161 732 1217 oldcio
747 1162 855 1219 recitari
875 1159 982 1219 solitam
997 1161 1070 1219 baud
1122 1176 1175 1233 orta
1190 1160 1315 1231 suffragia
1339 1162 1373 1216 dc
1387 1159 1417 1216 S.
1433 1160 1552 1227 Zenone,
1572 1172 1604 1214 ac
1617 1157 1670 1212 alia
1686 1156 1833 1220 rrorrnulla;
1862 1168 1924 1227 quas

269 1256 411 1322 dabimus3
427 1257 484 1312 tame
500 1256 572 1313 euim
588 1253 639 1312 etsi
654 1253 682 1310 in
697 1252 812 1310 laudatis
829 1268 895 1309 mss.
928 1271 981 1312 aon
997 1255 1069 1312 indi·
1123 1255 1196 1312 unde
1206 1262 1313 1326 sumpta
1327 1252 1437 1321 iruerint,
1449 1269 1500 1310 suo
1512 1253 1573 1309 loco
1586 1251 1717 1308 dicemus.

277 1386 1920 1419 w

335 1485 440 1561 [corion
477 1478 681 1565 SERMO
709 1478 1101 1566 VENERABILIS
1131 1479 1442 1569 CORONATI
1469 1474 1719 1584 NOTARII

722 1634 795 1708 DE
820 1636 957 1710 VITA
990 1636 1197 1711 salicti
1223 1638 1327 1712 ΖΕΝ
1334 1637 1472 1711 utils.

302 1914 323 1970 l.
338 1911 367 1967 ln
378 1910 473 1968 diebus
484 1910 538 1967 illis
552 1910 591 1984 (a)
613 1910 640 1967 io
655 1910 795 1982 provincia
805 1909 844 1984 (i)
857 1910 945 1979 ltalia,
962 1911 989 1966 iu
1004 1909 1072 1967 eiri-
1085 1915 1109 1977 Β
1123 1920 1151 1969 et
1166 1910 1228 1968 ideo
1240 1912 1302 1984 orsio
1318 1912 1344 1967 iu
1364 1898 1473 1970 omnem
1489 1921 1590 1969 terram
1602 1913 1669 1970 exiit
1681 1929 1765 1971 sonos
1779 1930 1924 1974 conuersa-

270 2006 455 2072 tatellerooa,
472 2006 498 2061 in
519 2020 570 2075 noa
584 2006 654 2062 beati
678 2004 798 2062 Zenonis
821 2017 881 2062 acra
902 2009 1070 2075 claruerunt,
1124 2005 1206 2061 tionis
1231 2005 1302 2077 ejus,
1324 2018 1352 2062 ct
1377 2007 1507 2064 sanctitas
1530 2008 1671 2064 enricrtit:
1698 2008 1809 2066 audiant
1833 2011 1924 2083 populi

270 2101 308 2175 (e)
332 2100 485 2157 evolvimus
509 2101 576 2155 tartti
598 2100 649 2156 riri
671 2102 796 2157 uirtutes.
811 2100 857 2157 Sic
876 2102 948 2157 enim
965 2109 1007 2157 est
1020 2101 1072 2157 ltu·
1123 2114 1229 2169 omnes,
1244 2104 1288 2172 qui
1304 2101 1364 2171 ejus
1376 2103 1488 2172 carpinus
1500 2101 1640 2158 noiracola.

270 2210 348 2250 mana
368 2208 447 2250 mens
459 2193 494 2250 ad
509 2192 710 2264 investigandas
726 2193 888 2251 sanctorum
902 2195 981 2261 vitas,
1000 2204 1072 2250 tam·
1159 2192 1182 2250 ll
1206 2194 1271 2250 Erat
1285 2195 1357 2249 euim
1380 2196 1477 2251 sedens
1498 2195 1525 2249 io
1547 2193 1582 2268 (e)
1604 2198 1779 2265 monasterio,
1791 2196 1819 2252 io
1832 2212 1924 2255 secre-
2007 2197 2014 2208 '

269 2302 350 2358 quam
365 2286 426 2357 orris
447 2286 493 2342 ille
515 2285 612 2342 sitiens
633 2285 732 2341 ardore
747 2287 813 2342 solis
835 2288 956 2350 adrastus,
971 2301 1073 2342 maeu-
1124 2287 1185 2343 tiori
1197 2296 1287 2358 parte,
1302 2288 1328 2343 in
1342 2287 1443 2358 oppido
1453 2288 1613 2354 Veronensi,
1624 2289 1760 2346 continuis
1770 2290 1882 2360 jejuniis
1897 2301 1925 2347 ct

270 2378 354 2449 piscat
377 2376 492 2434 lorttiunr
518 2377 630 2447 duertta,
656 2385 704 2433 aot
727 2380 788 2448 qrris
809 2376 1071 2435 desideratissimum
1124 2381 1227 2439 crebris
1241 2382 1435 2438 orationibusa
1461 2382 1575 2438 bornino
1590 2391 1695 2454 petens,
1715 2392 1744 2438 ut
1761 2385 1812 2440 sibi
1827 2384 1924 2456 digua·

269 2471 392 2527 nuntium
417 2473 511 2529 audire
535 2474 646 2541 cupiat,
666 2474 708 2529 uel
722 2476 806 2529 etiam
828 2473 890 2545 quis
912 2472 1072 2529 deliciarum
1124 2484 1200 2531 retur
1210 2474 1311 2530 aditum
1328 2476 1526 2547 productionis
1540 2477 1566 2531 in
1583 2477 1698 2547 populos
1709 2477 1828 2549 aperire.
1842 2478 1924 2533 lieni·

269 2567 355 2638 epulis
376 2568 524 2640 enutritus,
536 2567 563 2625 in
586 2567 703 2639 quodam
724 2567 871 2638 longinquo
887 2567 985 2623 itinere
999 2568 1074 2639 posi·
1124 2568 1225 2641 quoad
1240 2568 1437 2624 convertendus
1453 2569 1478 2624 in
1491 2568 1592 2625 Christi
1614 2584 1734 2624 amorem
1757 2569 1862 2625 auirnos
1875 2570 1925 2625 lro·

270 2668 323 2724 tus,
339 2658 373 2715 ad
388 2676 445 2717 rem
460 2660 672 2732 perveniremus
685 2659 785 2716 meotis
799 2659 952 2716 satietatem
968 2660 1071 2730 cupiat.
1125 2663 1227 2717 minum
1247 2661 1283 2718 dc
1297 2661 1341 2718 die
1357 2662 1383 2717 io
1398 2661 1471 2718 diem
1487 2662 1595 2719 deditus
1613 2672 1680 2719 erat.
1699 2663 1801 2720 llcrera
1817 2665 1879 2735 quia
1896 2665 1924 2720 in

268 2752 308 2809 lta
324 2761 351 2809 et
363 2768 414 2825 ego
426 2753 493 2808 tanti
517 2752 578 2820 riri,
590 2752 713 2823 utramuis
730 2751 765 2808 ad
783 2752 874 2808 omnia
889 2767 1003 2825 quaerpuc
1018 2752 1073 2823 egit
1123 2755 1183 2826 ipso
1199 2755 1316 2826 Spiritus
1329 2764 1438 2811 sanctos
1453 2756 1549 2812 doctor
1570 2764 1644 2820 erat,
1665 2757 1734 2813 sicut
1750 2758 1807 2828 ipsa
1823 2757 1923 2812 ueritas

269 2847 312 2904 rel
333 2847 360 2902 iu
373 2846 594 2914 conuersatione,
609 2845 651 2900 rel
662 2843 744 2900 etiam
756 2844 783 2898 in
799 2843 946 2910 miraculis,
961 2843 1073 2914 explere
1125 2865 1173 2921 per
1186 2865 1216 2906 se
1226 2850 1448 2920 lontritrrrdiceos
1465 2868 1471 2905 :
1490 2870 1499 2902 r
1515 2848 1573 2907 lion
1585 2852 1656 2906 enirn
1671 2866 1720 2906 vos
1742 2851 1810 2907 estis
1823 2851 1868 2918 oui
1884 2850 1924 2906 lo-

270 2956 325 2997 non
347 2939 448 3004 raleo;
471 2944 591 2994 attamen
612 2946 741 3010 quantum
766 2937 901 3008 attingere
924 2953 973 3009 pro
995 2949 1073 3009 parte
1124 2937 1324 3014 quirnini,'sed
1344 2945 1456 3016 spiritus
1477 2945 1562 3017 patris
1586 2944 1680 3012 uestri,
1695 2943 1740 3016 qui
1763 2944 1883 3018 loquitor
1896 2947 1922 3002 in

270 3047 391 3106 possum,
414 3046 544 3090 enarrare
566 3047 620 3089 noo
645 3031 757 3100 desisto,
783 3046 818 3087 ne
838 3031 899 3101 nois
923 3030 969 3087 ille
986 3031 1073 3087 lector
1124 3036 1232 3094 vobis.»
1248 3037 1279 3094 Et
1292 3037 1374 3095 illud:
1393 3036 1752 3110 ‹Egosumpastorboous,
1766 3040 1923 3095 ctauimam

269 3129 396 3202 deroget,
411 3136 458 3184 aut
473 3127 587 3184 audiens
608 3128 744 3199 legentem
766 3126 904 3183 desidioso
918 3125 1011 3182 animo
1022 3126 1071 3184 de·
1126 3146 1212 3186 meam
1225 3146 1298 3201 pono
1310 3146 1359 3203 pro
1373 3132 1469 3188 orilrus
1483 3132 1561 3187 meis.
1581 3149 1591 3185 ι
1604 3130 1642 3186 Ιιι
1665 3148 1731 3204 ergo
1754 3131 1782 3187 in
1797 3147 1925 3188 scrnrouc

270 3223 369 3289 trabat,
384 3237 446 3279 cum
467 3230 596 3295 scriptum
612 3222 667 3277 sit:
683 3221 736 3289 Qut
751 3220 893 3276 retribuunt
916 3219 980 3275 rrtt'bi
1002 3221 1073 3276 naulo
1124 3222 1239 3280 allabilis
1252 3233 1320 3291 erat,
1336 3235 1364 3281 et
1378 3224 1632 3292 inmansuetudine,
1648 3232 1677 3281 et
1687 3225 1713 3280 io
1729 3224 1823 3281 babitu
1839 3225 1923 3296 mitis,

270 3333 318 3389 pro
331 3315 565 3384 tormentabant
578 3316 652 3372 mibi.
664 3315 699 3372 lit
712 3315 774 3387 quia
789 3315 846 3385 ipse
862 3314 990 3371 Dominus
1004 3315 1072 3370 dixit
1084 3303 1108 3367 C
1124 3326 1152 3371 ut
1167 3315 1237 3372 Deus
1250 3320 1277 3371 in
1289 3316 1348 3387 ipso
1358 3315 1601 3374 collaudareturab
1611 3316 1738 3373 omnibus
1753 3317 1924 3374 venientibus

270 3410 340 3467 bona
355 3411 551 3476 onerantibus:
568 3408 724 3481 Prirrrpuom
743 3417 767 3464 te
789 3412 927 3480 formarem
948 3410 976 3463 in
997 3417 1071 3463 utero
1122 3406 1156 3465 ad
1170 3423 1217 3476 se;
1236 3415 1265 3465 et
1284 3408 1319 3463 ita
1340 3408 1441 3476 alacer,
1464 3416 1494 3465 ut
1516 3425 1579 3466 irrox
1598 3409 1701 3465 relictis
1714 3408 1793 3466 idolis
1810 3409 1925 3467 domino

272 3503 332 3558 uooi
344 3512 378 3570 te,
389 3511 413 3557 et
422 3503 652 3574 onreqrromeeirer
662 3502 695 3572 dp
709 3502 962 3571 ventremnetiiieuoi
975 3509 1010 3556 te.
1024 3500 1072 3559 llle
1122 3502 1186 3559 lesu
1198 3500 1307 3557 Christo
1324 3502 1480 3559 crederent.

271 3595 344 3654 enim
358 3611 374 3652 a
387 3595 530 3653 cunabulis
544 3593 646 3669 [curro]
660 3593 831 3660 benedictus,
843 3604 871 3650 et
886 3594 956 3667 (dia
975 3604 1072 3652 uentre
1159 3594 1203 3652 lll.
1227 3594 1279 3651 Per
1299 3594 1371 3653 idem
1391 3610 1457 3651 uero
1480 3602 1587 3666 temptm
1608 3610 1669 3652 cum
1687 3594 1764 3666 jutta
1787 3596 1923 3653 ciuitatem

269 3688 454 3746 rarretilleatus
467 3695 542 3757 orat,
558 3696 588 3745 et
608 3686 715 3744 adbuc
737 3687 891 3759 pertingere
906 3688 1015 3755 meruit,
1043 3696 1072 3744 ιιι
1123 3687 1272 3754 Veronam,
1291 3703 1352 3758 quc
1366 3687 1393 3744 in
1417 3687 1571 3759 propinquo
1594 3697 1654 3745 erat
1668 3689 1774 3757 itinere,
1797 3700 1825 3747 et
1847 3704 1926 3761 egre·

270 3798 320 3855 per
333 3783 417 3838 sitam
430 3789 551 3838 sancum
564 3791 660 3852 pastor
672 3777 700 3834 in
716 3779 816 3850 populo
830 3790 1071 3846 essemereretur;
1124 3780 1215 3838 dicore
1236 3779 1333 3838 eodem
1356 3780 1415 3837 riro
1434 3797 1450 3837 a
1471 3781 1653 3849 monasterio,
1675 3781 1703 3838 io
1726 3780 1809 3839 dorio
1829 3780 1943 3847 Athesi,

307 3943 347 4017 (a)
367 3943 410 4000 db
424 3942 476 4000 boo
489 3940 627 4013 discrepat
645 3939 772 4012 prologus
785 3938 857 4012 apud
870 3936 1024 4011 Uibellium
1043 3948 1072 3995 et
1123 3956 1191 4004 otus,
1207 3940 1380 4012 quamtocius
1401 3938 1537 3997 uirtutibus
1548 3941 1620 4008 eiua,
1635 3942 1703 3995 unde
1715 3942 1845 4011 quondum
1859 3943 1924 3999 sotir

272 4016 492 4080 lierrsclrenium‚
513 4014 558 4097 qui
574 4021 730 4084 postremus
749 4011 885 4070 observat,
901 4010 1027 4066 cumdem
1044 4011 1070 4067 in

273 4085 410 4159 plerisque
423 4100 490 4142 mss.
501 4083 609 4141 diversa
623 4084 724 4153 phrasi,
739 4082 786 4137 sed
801 4081 903 4153 absque
915 4081 971 4136 ullo
985 4081 1072 4137 bisto-

272 4157 320 4215 ric
343 4158 506 4214 detrimento
521 4155 646 4224 proponi.
662 4153 757 4210 Lectio
771 4153 874 4225 prostoci
900 4153 970 4223 apud
986 4152 1071 4209 Mont-

272 4229 382 4287 britium
396 4227 430 4283 ad
444 4244 496 4284 ms.
509 4227 671 4283 lismensem
686 4225 844 4295 plerumque
857 4223 972 4281 :recedit

320 4301 335 4355 lr
361 4299 440 4370 Apud
456 4299 637 4355 blombritium
653 4311 792 4369 perperam
809 4294 917 4351 Turrim.

319 4390 332 4427 c
359 4373 448 4434 Care,
470 4385 504 4428 ne
522 4386 554 4426 ex
575 4370 625 4426 bac
638 4383 705 4426 uoce
723 4367 860 4423 eooioimur
875 4369 1005 4452 scriptum
1020 4367 1070 4422 ali-

271 4444 335 4514 qmd
355 4452 419 4500 ante
439 4442 604 4500 coronatum
628 4440 767 4498 existimes
788 4439 821 4494 de
836 4438 953 4495 Zcuoats
967 4440 1069 4511 pestis,

272 4513 389 4581 andeis,
405 4531 466 4586 quae
479 4512 765 4584 litterisconsignarit,
781 4511 905 4567 ebiberit.
919 4510 985 4566 Nam
1001 4524 1071 4580 prae·

271 4593 396 4657 utquam
418 4585 489 4657 orrod
514 4587 645 4642 incertum
670 4592 712 4638 est
734 4599 767 4638 arr
784 4581 828 4638 bic
844 4581 971 4653 prologus
985 4582 1072 4651 ipsius

271 4656 399 4713 Cororrati
423 4658 469 4724 sit,
494 4669 556 4713 eum
578 4656 605 4711 in
628 4654 688 4709 aliis
712 4668 777 4709 mss.
797 4653 918 4709 etcotiris
935 4653 1002 4708 nibil
1016 4652 1071 4709 tale

1124 4013 1258 4074 micuerur,
1273 4011 1426 4083 ipnororrtioe
1436 4012 1545 4067 tenebris
1563 4011 1686 4066 debeatur
1705 4012 1836 4067 oltcarrrrs.
1861 4014 1924 4069 Sci·

1123 4100 1181 4138 ntur
1203 4084 1307 4154 quippe,
1331 4098 1390 4137 eum
1413 4082 1570 4138 Sorrelorum
1592 4084 1668 4140 rtetur'
1682 4086 1746 4154 iure
1766 4084 1862 4149 deberi,
1878 4086 1925 4139 red

1123 4155 1207 4210 multo
1222 4153 1304 4225 mopir
1316 4154 1437 4209 bunrouir
1450 4153 1577 4227 eloquiis
1591 4154 1724 4219 tonorum,
1740 4171 1799 4209 eum
1814 4156 1926 4227 popule

1123 4242 1181 4281 rum
1194 4226 1333 4281 intellectui
1346 4225 1404 4296 eitra
1426 4224 1496 4295 iacto
1509 4227 1607 4298 scriptu
1621 4226 1729 4297 suerirm
1742 4242 1801 4297 pure
1815 4228 1926 4283 demorer

1123 4298 1237 4351 recitari.

1158 4369 1201 4439 (d)
1227 4367 1293 4424 liae
1313 4366 1382 4438 apud
1403 4366 1554 4439 Ugbellium
1578 4368 1702 4425 desuntc
1718 4368 1817 4424 similia
1834 4377 1924 4426 tarncn

1121 4439 1191 4508 apud
1207 4439 1276 4494 alios
1301 4438 1437 4508 locuntur,
1452 4455 1513 4510 oute
1535 4440 1636 4497 nemini
1660 4440 1743 4498 docto
1765 4455 1924 4512 persuasum

1122 4510 1154 4564 iri
1170 4509 1342 4566 confidimus.

1158 4582 1193 4650 (el
1207 4580 1398 4637 llonasterium
1415 4581 1477 4649 boc,
1492 4582 1526 4639 de
1541 4599 1594 4654 quo
1606 4584 1707 4653 pluries
1722 4582 1834 4639 inieritis
1850 4600 1927 4639 mco·

1123 4652 1161 4709 tio
1175 4654 1231 4716 bet,
1246 4655 1268 4708 si
1281 4649 1420 4708 coronato
1433 4655 1596 4710 credendum
1609 4654 1660 4720 sir,
1677 4655 1770 4711 multis
1782 4655 1925 4711 monacbis

271 4726 386 4798 legatur,
404 4728 541 4782 evolvimur
561 4743 610 4797 pro
623 4726 805 4796 descripsimus
825 4740 856 4778 cx
874 4724 988 4779 barbaro
1003 4739 1071 4792 quo·
1123 4740 1175 4779 una
1188 4739 1249 4780 curn
1264 4724 1293 4778 S.
1311 4723 1447 4795 Episcopo
1460 4724 1620 4796 degentibus
1642 4728 1768 4793 lreouens
1782 4737 1851 4782 erat.
1869 4727 1927 4780 lto·

272 4798 334 4855 dam
349 4798 474 4870 loquendi
488 4812 590 4926 {eriere
601 4796 716 4864 positum
730 4794 846 4861 videtur,
859 4804 888 4849 ut
898 4808 931 4849 er
943 4806 1072 4850 corrtexm
1085 4794 1110 4855 D
1123 4796 1242 4852 nasteria
1254 4802 1343 4850 autem
1356 4812 1417 4852 carro
1430 4811 1483 4851 nrm
1496 4798 1546 4852 uisi
1558 4808 1654 4863 quarto
1664 4798 1764 4853 saeculo
1777 4800 1924 4869 ceperint,

271 4871 362 4942 colligi
378 4879 477 4942 potest.
513 4882 624 4925 aeterum
641 4867 667 4922 iu
685 4867 817 4936 prooemio
833 4866 903 4933 apud
915 4864 1069 4937 Ugbelliuor

273 4948 339 4996 tom.
354 4958 370 4997 v
385 4940 468 4997 ltaliae
490 4942 592 5005 Sacrae,
608 4954 667 5008 pap.
688 4938 752 5002 680,
767 4938 817 4992 alra
834 4951 946 5007 prorsus
966 4939 1071 4994 ratione

273 5013 340 5068 nibil
353 5012 484 5073 scriptum
501 5011 588 5082 palam
603 5008 737 5082 proditur,
753 5008 804 5064 nisi
825 5009 851 5063 in
867 5008 958 5079 popuii
973 5009 1071 5065 ruenti·

273 5082 333 5151 bus,
350 5083 474 5154 cortibus
486 5091 591 5138 ιιιιιιιιιι
601 5091 689 5146 ortua,
709 5096 757 5137 seo
770 5078 809 5154 (ut
823 5091 972 5135 memorato
986 5080 1070 5136 verbo

272 5155 391 5226 utantur)
410 5153 512 5210 eroluro
525 5165 665 5225 apparent,
684 5168 744 5223 oure
758 5153 784 5205 in
800 5152 869 5208 banc
883 5151 969 5207 litam
981 5148 1069 5207 Corru-

271 5235 351 5282 natos
363 5226 489 5296 conjecit.
513 5226 620 5295 lntepra
632 5222 691 5295 eius
709 5226 830 5294 irroremii
855 5222 936 5279 rerba
958 5222 1002 5279 bie
1020 5237 1071 5293 ap-

272 5297 427 5367 pendimus.
442 5313 502 5354 corn
517 5304 646 5365 umores
658 5297 723 5353 satis
735 5295 882 5361 insinuent,
895 5294 1071 5350 condonent-

271 5383 336 5440 que‚
348 5384 408 5441 quae
420 5369 484 5424 alibi
495 5367 621 5433 diximus,
635 5367 701 5423 nibil
712 5367 746 5422 de
757 5366 786 5423 S.
799 5365 915 5421 Zenonis
925 5365 1070 5421 uirtutibus

189 5452 193 5463 ’
272 5440 407 5509 proditum
424 5441 517 5505 luisse,
533 5438 580 5495 sed
594 5439 629 5495 dc
642 5440 779 5494 miraculis
793 5443 908 5501 riorum,
923 5435 957 5491 de
972 5438 1070 5508 qrribrrs

274 5521 364 5568 umen
386 5512 443 5582 ipsa
456 5512 515 5568 sola
529 5511 618 5580 populi
633 5511 765 5566 memoria
777 5517 928 5578 supererat.
943 5506 975 5562 B.
990 5505 1071 5563 Zeno·

273 5584 312 5638 nis
330 5582 512 5639 veronensium
533 5580 669 5643 Praetulit,
684 5581 742 5636 iicet
762 5580 849 5634 omuio
862 5579 997 5640 rniroeuio,
1011 5580 1068 5649 qui·

271 5652 318 5709 irus
330 5654 435 5719 claruit,
455 5652 542 5710 idonei
556 5670 608 5707 non
628 5652 789 5707 inveniemur
803 5666 877 5723 poste
890 5649 959 5704 tobit
972 5662 1068 5704 merru-

272 5727 339 5781 tiane
357 5726 457 5781 trudere
470 5724 632 5797 competenti,
650 5724 730 5795 irrupit
744 5737 826 5777 romeu
846 5732 875 5776 ut
887 5720 1015 5776 rideretur
1025 5739 1069 5776 ro·

271 5807 326 5854 turo
345 5808 392 5869 ert,
408 5808 435 5854 ut
448 5797 572 5855 sermonis
585 5794 685 5866 offensu
698 5795 773 5865 serie,
795 5794 884 5867 aliquo
902 5808 935 5850 ee
947 5808 978 5849 eo
996 5792 1068 5850 dico·

1123 4864 1237 4922 Gallieni
1253 4866 1368 4936 imperio
1384 4883 1436 4923 non
1451 4869 1628 4925 conueniunt.
1644 4867 1736 4937 Neque
1752 4884 1817 4924 vero
1828 4884 1854 4923 rr
1868 4884 1924 4924 sac·

1122 4938 1185 4992 culo
1207 4938 1236 4995 S.
1261 4937 1397 4993 Zenttucm
1421 4940 1447 4993 in
1474 4938 1670 4995 morrasteriod
1708 4942 1761 4996 isse
1785 4949 1924 5010 putamus.

1123 5007 1198 5065 Licet
1212 5009 1284 5063 euim
1303 5008 1445 5065 mulierum
1462 5011 1656 5066 monasterium
1701 5026 1793 5066 erorrae
1813 5012 1841 5067 id
1856 5021 1927 5067 tcm-

1123 5082 1197 5148 poris
1210 5095 1259 5151 per·
1273 5078 1410 5138 Zenonem
1421 5081 1503 5136 luerit
1515 5082 1663 5140 conditura.
1676 5081 1715 5136 uti
1729 5082 1927 5140 dissertatione

1121 5166 1162 5217 ιιι,
1174 5166 1234 5220 cap.
1252 5167 1272 5214 r,
1288 5149 1343 5223 ib,
1372 5153 1540 5208 ostendimus
1555 5171 1562 5207 ι
1577 5153 1644 5209 nibil
1666 5162 1754 5209 tamen
1769 5159 1803 5209 de
1816 5170 1928 5210 monas-

1122 5224 1191 5278 terio
1211 5224 1332 5278 uirorum
1356 5223 1483 5279 traditum
1506 5226 1660 5294 accepimus
1676 5243 1684 5277 ε
1703 5239 1754 5281 nee
1773 5224 1927 5297 Episcopus

1124 5301 1260 5365 tanrqrram
1283 5295 1439 5352 morrasterii
1457 5295 1587 5354 abbatem
1601 5310 1631 5352 se
1643 5299 1772 5368 gessisse,
1792 5296 1840 5352 sed
1861 5313 1926 5353 cour

1122 5380 1173 5420 suo
1194 5366 1269 5421 clero
1291 5364 1325 5421 ad
1339 5382 1474 5422 surrrruum
1497 5368 1635 5423 exstitisse
1649 5368 1702 5423 dici
1716 5376 1814 5437 potest.
1831 5367 1928 5434 lienus

1121 5448 1240 5507 opponat
1255 5437 1326 5507 orris,
1343 5438 1369 5492 iu
1385 5439 1460 5493 lictis
1475 5437 1526 5495 SS.
1541 5438 1663 5494 Firmior
1677 5437 1780 5494 liustici
1795 5450 1927 5495 nonaste-

1121 5508 1155 5561 rii
1168 5522 1229 5564 esse
1255 5508 1429 5571 urentiouem,
1447 5512 1473 5564 in
1486 5524 1540 5580 ouo
1561 5509 1591 5566 S.
1613 5509 1743 5566 Periculos
1757 5509 1787 5566 S.
1805 5509 1928 5567 Zenonis

1124 5578 1308 5650 prodecessor
1322 5579 1373 5633 sub
1384 5581 1469 5649 ipsam
1483 5581 1643 5637 Diocletiani
1654 5589 1679 5637 et
1694 5580 1847 5636 Maximiani
1864 5598 1928 5645 ner·

1121 5653 1288 5706 secutionem
1303 5650 1424 5706 latitasse
1436 5653 1559 5721 proditur
1575 5670 1582 5707 :
1600 5669 1660 5707 uam
1675 5654 1711 5709 ilo
1726 5654 1927 5709 monsterium

1123 5722 1211 5777 tocco
1235 5728 1370 5777 remotum
1394 5722 1536 5792 sipnidcar,
1553 5723 1580 5779 ln
1602 5738 1656 5795 quo
1677 5737 1747 5779 uuus
1768 5724 1926 5780 solitariam

1122 5792 1204 5850 uitato
1229 5792 1384 5866 exigebat:
1413 5810 1495 5866 quarn
1521 5796 1662 5868 antiquam
1693 5795 1926 5868 sinotumrtooem
