4142 6175
156 303 208 363 iet
825 305 1116 364 subornatores.
1757 306 1810 366 siti

157 425 352 496 plesotamqae
365 423 480 480 conium
490 423 657 498 labyrintbo:
673 434 774 492 taurea,
785 439 846 481 cum
860 436 965 482 atcum-
977 429 1005 490 Α
1017 427 1113 496 isaias,
1130 430 1206 500 quasi
1220 430 1254 486 ab
1267 430 1327 501 ejus
1340 430 1410 487 estis
1423 429 1512 485 lutura
1526 430 1724 501 perquirerent,
1737 428 1810 499 quod
1900 447 1903 451 ·

155 512 207 566 que
219 497 273 551 buc
285 498 420 567 progressi
442 496 583 559 lacrimas,
600 498 738 567 qrrrrrbspcr
751 498 858 553 iuterim
873 497 961 553 subsi-
1015 498 1179 556 contradicit
1205 502 1313 567 causis,
1341 516 1409 571 qaas
1446 501 1531 572 tetigit
1560 501 1636 556 initio
1663 500 1809 556 sermonis.

156 568 220 622 dore
236 566 419 629 dcererioms,
431 582 493 621 narn
504 567 639 637 aliquibus
649 567 709 623 sine
722 566 809 624 lructu
823 568 960 624 immorari
1011 568 1125 625 Frustra
1139 569 1229 635 luerit,
1246 573 1269 627 si
1285 588 1409 627 amaeam
1423 589 1524 627 sacrum
1538 582 1625 641 pectus
1639 573 1700 628 beia
1714 571 1808 626 baberi

154 653 244 709 neque
259 638 348 693 iaurlis
363 645 415 705 est,
430 653 517 707 neque
525 653 615 709 operm
631 638 757 709 pretium.
773 639 891 693 Primum
901 654 962 694 ues-
1010 656 1062 712 pro
1077 641 1159 697 corde
1173 642 1199 698 in
1214 645 1304 697 auimo
1317 643 1457 710 residenti,
1478 643 1583 697 ioricam
1597 653 1686 697 autem
1701 657 1749 711 pro
1761 656 1809 697 os-

154 710 212 765 cire
233 708 373 764 latendum
394 720 445 770 est,
461 709 493 762 de
504 726 553 779 qua
568 710 691 764 castidica
702 710 802 779 iurene
813 710 960 780 loquatur,
1011 711 1098 779 sibus,
1119 728 1179 780 quae
1208 714 1364 784 precordiis
1387 723 1415 769 et
1437 714 1563 769 uitalibus
1585 721 1680 768 natura
1694 714 1811 768 circam.-

155 796 240 852 qnum
253 779 336 835 isaias
354 780 411 850 jam
426 792 508 835 senex
523 783 712 851 octogenarius
726 790 750 836 et
766 782 846 846 ultra,
859 792 962 837 tanturm
1011 781 1096 838 dedit.
1363 828 1366 833 .

154 851 228 905 enirn
245 851 347 907 vixisse
370 849 480 917 dicitur,
499 852 604 921 iuuenis
629 867 728 906 narnien
753 868 805 905 uon
831 862 960 908 ureretur.
1049 854 1150 908 ibidem
1173 852 1281 923 (tite).
1310 854 1509 910 Proedicationis
1529 855 1641 926 politica
1665 854 1809 908 litterarum

153 920 292 993 laqueata
311 922 466 976 aarrrnrercia
484 920 666 989 intelligamus
682 922 741 977 licet
756 923 790 977 de
809 922 959 988 intestinis,
1012 925 1111 979 cariam
1123 925 1277 994 requirebat,
1294 935 1346 981 etc.
1359 926 1432 1008 lngo
1446 927 1598 980 litterariam
1611 927 1720 988 arariam,
1731 925 1809 993 quasi

154 1010 216 1064 qma
241 992 374 1047 lletuosis
398 993 481 1076 gyris,
498 992 718 1061 anfractibusque
733 992 962 1049 ὶπαναδισλοῡνται
1012 1008 1155 1062 sperarent
1169 996 1194 1050 in
1206 996 1265 1066 ejus
1279 998 1435 1067 praecordiis
1449 997 1541 1051 ridere
1555 996 1725 1065 inscriptum,
1737 996 1809 1063 quod

153 1063 327 1136 replicantur,
344 1072 373 1116 at
386 1076 423 1118 art
442 1063 612 1127 Aristoteles,
631 1064 695 1132 quid
715 1065 748 1118 aii
763 1065 878 1119 caetera?
895 1063 961 1132 Quis
1011 1074 1059 1120 aut
1072 1067 1255 1135 predicasset,
1272 1076 1319 1123 aut
1331 1067 1400 1138 qood
1416 1068 1614 1138 praedicaturus
1635 1067 1740 1122 luisset.
1757 1065 1808 1120 Cu·

154 1148 241 1190 sonus
254 1136 372 1189 iumine
384 1134 509 1204 tementis,
522 1136 692 1202 nequeenim
707 1135 855 1190 subsidium
870 1135 904 1188 ab
914 1151 960 1191 ac·
1012 1137 1051 1190 ria
1065 1139 1166 1192 etenim
1181 1139 1310 1207 templum
1329 1139 1428 1193 mentis
1443 1148 1524 1209 atque
1543 1138 1660 1205 consilii,
1679 1138 1717 1192 uti
1732 1145 1812 1191 vacat

15 1230 17 1273 ;
156 1205 190 1259 tis
206 1207 344 1273 passionis
363 1204 462 1275 iaajusl
475 1204 528 1259 Pro
541 1204 623 1259 liciial
637 1214 741 1261 certina
754 1216 796 1261 est
812 1204 962 1275 intelligere
1011 1206 1109 1262 Cicero
1121 1223 1169 1277 pro
1185 1209 1294 1264 iiiluna.

15 1342 66 1369 ἵ,
156 1276 312 1332 llaossseru
334 1275 419 1330 lilium
434 1274 569 1339 Ezechiae,
586 1276 636 1329 snb
649 1287 756 1346 quo,ut
769 1277 805 1332 aia
818 1276 849 1330 li.
866 1275 961 1330 ilrero·
1048 1277 1150 1335 ibidem
1166 1277 1274 1352 (liudi.
1291 1279 1325 1335 ta
1345 1280 1421 1352 quate
1434 1289 1499 1335 mser
1518 1279 1597 1345 iliad,
1618 1287 1671 1335 etc.
1693 1277 1766 1347 bego
1785 1285 1809 1331 et

156 1361 267 1429 aymus,
281 1344 368 1429 isaias
378 1357 470 1429 sectus
479 1345 507 1401 in
521 1346 692 1428 duasparras
703 1344 886 1430 occubuitadt
896 1347 961 1401 dum
1013 1349 1065 1402 tale
1075 1359 1142 1404 esset
1153 1349 1231 1404 iilud.

155 1433 219 1472 eam
235 1416 449 1489 dicatarudrgurn
462 1416 632 1489 pauculaque,
645 1432 785 1473 orassemus
801 1434 828 1472 an
845 1425 959 1483 incerto,
1047 1418 1149 1476 ibidem
1171 1420 1280 1494 (tata).
1305 1419 1466 1477 Erubescem
1491 1430 1634 1494 cogeretur.
1657 1419 1707 1475 lis.
1730 1420 1811 1473 sutiru-

157 1489 277 1544 aoluerit
304 1502 339 1544 ae
363 1486 524 1560 despexisse
549 1487 687 1553 sobolem,
712 1498 740 1543 et
763 1502 960 1552 srrocessorcm,

156 1558 336 1626 quodfalsum
350 1558 520 1630 redarguitur
532 1574 566 1612 ex
580 1557 696 1613 llattbmi
709 1574 769 1631 cop.
785 1577 793 1614 ι
805 1601 812 1624 ,
823 1560 962 1621 Mandanae

155 1632 275 1706 iyiaunar
295 1626 440 1702 ria'ttpbo,
453 1627 581 1700 snrtqotrt
597 1628 680 1697 aliud,
695 1630 766 1701 quod
782 1630 881 1686 aedom
894 1644 962 1684 con·

160 1706 253 1772 cipere
268 1715 390 1771 passsam.
622 1714 640 1747 ο

198 1773 264 1844 Pag.
275 1770 415 1844 ilium).
431 1770 478 1825 i'ir
488 1780 618 1837 cruentus,
628 1779 651 1825 ei
661 1770 959 1844 prodigasgeueaioqioe.

158 1844 253 1900 Adbuc
265 1844 373 1898 animus
385 1845 465 1912 gestit
479 1843 505 1896 ia
517 1842 576 1896 istis
588 1850 702 1897 tentare.
716 1842 754 1897 lie
769 1842 957 1913 prodigalitate

159 1930 247 1987 aeque
266 1917 293 1968 ia
307 1918 393 1970 sacris
411 1913 527 1980 litteris,
538 1928 624 1982 aeque
640 1913 666 1966 iu
678 1911 797 1983 ioseplro
810 1914 957 1983 quidquam

157 1985 276 2042 lisoassi
291 1991 448 2055 insputatur.
460 1983 471 2038 l
484 1984 617 2054 aquebac
627 1983 759 2053 scriptura
773 1994 896 2052 suspecta
905 1992 957 2048 est,

158 2056 342 2127 nequeenim
366 2054 506 2117 credibile,
530 2053 666 2109 Zenonem
691 2070 782 2109 reroaa
805 2057 960 2125 cognitione

159 2130 332 2193 instructanr,
343 2136 423 2195 atque
436 2140 510 2180 sacra
526 2126 653 2180 Lectione
666 2124 960 2182 irnlnrtunradscribere

157 2200 196 2255 illi
209 2199 328 2252 soluisse
343 2196 504 2250 immeritam
515 2196 632 2265 crdpara.
642 2195 704 2251 ldeo
716 2210 855 2252 censerem
869 2198 960 2266 irgeu·

158 2270 322 2340 rlrrattpotius
335 2269 434 2322 cruoris
446 2267 582 2339 prodigas,
593 2280 641 2334 pro
655 2278 774 2321 eruentus
788 2275 813 2320 et
824 2266 958 2340 prodigus.

156 2340 329 2410 Sullragatut·
352 2338 504 2404 deosculans,
517 2339 560 2405 qul
575 2338 727 2414 ἀρχαιολογ,
745 2337 792 2391 lib.
815 2354 843 2401 1,
857 2353 916 2407 cap.
930 2339 959 2404 i,

155 2414 209 2467 salt
221 2412 273 2464 latae
286 2412 325 2465 aii
334 2428 341 2463 ε
351 2419 393 2483 Τῷ
404 2413 494 2482 αἵματι
501 2409 586 2492 qo'sissu
599 2412 631 2463 τὰ
642 2408 815 2487 Ἰεροσόλυμα.
827 2408 961 2464 Prtulerea

156 2498 207 2538 cur
219 2481 359 2554 prodigum
373 2478 637 2553 qeneaioquadiaerit
650 2481 799 2534 rationibus
811 2478 867 2548 jam
880 2479 962 2535 dictis

157 2570 213 2609 non
229 2554 320 2608 rideo.
334 2553 429 2622 igitur,
440 2553 603 2621 scripturam
616 2563 670 2605 non
683 2562 756 2606 recte
765 2550 911 2619 procedere
921 2550 963 2604 di-

156 2640 265 2690 cemus,
280 2634 319 2690 et,
334 2625 356 2677 si
373 2636 418 2678 res
431 2621 485 2677 mei
499 2622 533 2677 sit
550 2620 664 2685 arbitrii,
686 2620 857 2675 scribendum
881 2621 962 2676 duce·

156 2711 217 2751 reru
231 2699 288 2752 irari
298 2701 345 2751 τοῦ
358 2693 525 2766 genealogia,
537 2691 721 2763 genethliacus.
732 2688 866 2747 Convenit
881 2692 962 2745 raimi-

156 2784 220 2823 ruor
241 2764 406 2889 genepbliaei
433 2762 527 2818 titulos
541 2761 687 2832 iilis,quos
712 2761 827 2817 Marrassi
852 2761 964 2832 subjan-

106 2838 112 2849 '
157 2848 219 2893 etsta
245 2834 310 2890 artri
330 2836 369 2890 uit
389 2842 476 2900 recte,
503 2849 537 2890 ex
563 2832 609 2887 lib.
631 2849 657 2887 ur
685 2832 803 2901 Regum,
818 2848 879 2904 cap.
901 2848 962 2901 xxa,

158 2924 236 2963 nam.
253 2906 283 2962 li.
297 2905 491 2962 Genetbliaeas
509 2904 574 2960 dicit
594 2904 726 2974 tigellins,
739 2904 788 2959 lib.
802 2919 857 2968 xta,
875 2904 963 2970 initio,

157 2982 205 3047 qai
220 2978 254 3033 de
267 2987 339 3032 mois
353 2976 433 3047 deque
446 2977 532 3049 posita
553 2974 686 3031 stellarum
703 2975 891 3046 discrepasse,
908 2990 965 3103 ppo

157 3052 252 3121 [asara
264 3060 335 3116 sant,
348 3047 522 3120 penitentum
537 3053 565 3101 at
580 3047 699 3115 pressius
717 3055 744 3101 et
757 3046 882 3118 proprius

159 3124 254 3189 niiius,
273 3120 321 3176 lib.
335 3137 355 3188 a,
373 3119 419 3175 lol.
433 3119 461 3185 2,
474 3134 490 3174 a
501 3135 572 3175 vers.
588 3119 641 3173 eti:

536 3211 662 3274 Primique
675 3222 719 3272 per
730 3216 809 3260 artem

288 3274 417 3326 sinamus
427 3273 515 3324 ridere
528 3276 596 3337 ragis
604 3271 737 3384 pendentia
749 3271 796 3322 lata

288 3336 476 3396 nascendique
487 3337 576 3394 cuique
587 3335 602 3384 d
615 3348 652 3392 es,
661 3347 717 3396 qaae
731 3336 780 3384 rita
790 3310 886 3393 brissei,

291 3398 319 3449 la
331 3411 393 3462 quas
402 3398 506 3448 lortuaae
518 3397 589 3460 leges
601 3408 706 3459 queque
717 3395 778 3445 bora
789 3396 892 3447 valeret.

160 3483 217 3554 Qui
242 3480 371 3539 Genesim
395 3488 424 3536 et
448 3479 543 3534 buram
568 3478 717 3534 nativitatis
740 3477 853 3548 aiicujus
875 3478 962 3550 iuqui-

161 3565 239 3618 rant,
256 3563 284 3607 ru
298 3553 338 3609 iiii
352 3552 387 3608 de
400 3551 462 3606 nita
483 3564 610 3607 successu
625 3548 830 3619 pradicationes
843 3563 907 3605 suas
919 3564 965 3606 ac-

162 3624 352 3684 commodent.

204 3695 305 3751 ibidem
321 3691 429 3764 (itia).
447 3689 646 3746 Mathematicus
666 3689 883 3754 Carsiolicorum,
892 3691 965 3817 pnti-

162 3768 286 3822 disoram
314 3775 338 3821 et
361 3765 540 3838 pataaicoram
567 3763 682 3828 nuntiares,
696 3774 750 3817 etc.
774 3761 890 3816 Prolati
911 3765 966 3818 ico-

163 3855 229 3895 rnan
245 3838 344 3908 legitur
357 3838 384 3890 in
395 3849 446 3890 ms.
458 3831 653 3906 piritidiraram.
669 3844 817 3887 monstrum
829 3832 963 3888 lectionis.

165 3909 377 3966 llatbcmaticus
391 3906 498 3976 propria
513 3901 710 3974 significatione
722 3912 775 3967 est,
789 3903 834 3972 qui
845 3904 964 3974 discipli-

166 3994 221 4036 nas
234 3980 297 4042 scit,
313 3977 401 4047 etqui
416 3978 442 4031 iu
457 3976 510 4031 iliis
524 3984 646 4028 versatus
660 3990 721 4029 cum
739 3975 816 4028 tarrae
836 3983 864 4029 et
880 3976 965 4043 gioria

167 4051 290 4107 nominis
300 4052 341 4104 stri
357 4047 474 4110 videtur,
487 4045 559 4116 quud
574 4045 689 4100 araluerit
699 4055 875 4111 consecutus,
890 4045 966 4099 attuit

163 4121 266 4177 Cicero
277 4121 348 4176 circo
365 4118 524 4189 principium
541 4116 587 4169 lib.
602 4115 654 4169 rtlc
664 4115 787 4170 (irritare.
802 4116 854 4172 Sed
868 4116 967 4170 alrrrsus

166 4192 246 4246 aliud
262 4190 359 4255 volarit,
376 4205 437 4243 narn
449 4203 519 4259 rqrros
530 4188 665 4254 geruiiitiu
681 4187 812 4241 arrcabulo
825 4186 967 4242 Charisianus

166 4262 264 4319 dicere
285 4262 438 4330 oportebat.
463 4258 644 4312 marirmmuici
674 4258 726 4312 dici
753 4259 849 4326 arepti3
879 4258 966 4327 Ageli.

169 4334 220 4389 iiia.
234 4349 254 4396 r,
277 4348 339 4402 cap.
360 4332 388 4394 9,
412 4329 439 4384 bi
463 4328 601 4388 niurirum,
617 4327 662 4398 qui
687 4328 827 4383 stellarum
842 4327 967 4397 potestati

169 4406 312 4460 bominum
326 4405 379 4457 lata
395 4400 550 4465 subjiciunt.
575 4399 674 4453 Sextus
689 4399 850 4468 Errrpirious,
869 4398 908 4453 lib
932 4416 966 4453 a:

167 4477 334 4551 l'suscaiapias
357 4475 518 4548 σεμνοτέροις
537 4475 692 4541 κοσμοῦντες
716 4469 846 4543 ὀνόμασιν·
867 4472 890 4525 οἱ
903 4470 969 4526 liari-

170 4547 266 4605 durior.
293 4547 500 4619 μαθηματικοὺς,
524 4546 565 4597 sari
591 4541 764 4614 ἀστρολόγους
791 4546 858 4613 σφᾶς
876 4542 1012 4630 αὐτοὺςι)

169 4619 359 4694 ἀναγοροὺοοσι
374 4633 380 4668 :
397 4613 578 4683 iicuealagiaus
608 4608 725 4665 Citaidoei
755 4612 901 4680 magnificis
929 4627 973 4665 or-

171 4702 267 4744 rrnrstes
282 4686 436 4750 nauriuiinrs,
452 4700 480 4739 se
493 4685 564 4752 ipsos
578 4683 772 4737 mataematicos
786 4681 930 4752 appeliant,
946 4691 974 4737 et

171 4759 320 4828 nuruiaqos
332 4775 342 4812 ι
354 4757 456 4811 idcirco
472 4754 554 4824 magi,
570 4754 763 4819 incantatores,
777 4751 973 4816 mathematici,

172 4831 305 4901 astrologi
317 4829 413 4885 eodem
426 4833 584 4896 reputantur
594 4824 622 4878 in
633 4837 738 4880 caraoue
750 4825 787 4881 36
797 4822 894 4895 synodi
908 4822 976 4879 Lao-

172 4903 293 4959 disertae.

214 4973 316 5028 ibidem
331 4955 440 5038 (tatuit.
455 4964 671 5027 catabolicorum,
684 4964 850 5034 fatidicarum
864 4974 889 5017 et
901 4973 976 5036 puto·

174 5046 297 5099 tricorum
311 5043 426 5097 antistes.
441 5036 635 5107 Tertullianus,
645 5037 678 5090 de
690 5036 797 5103 arriana,
811 5052 871 5103 cap.
887 5035 932 5101 98,
948 5036 975 5091 ia

176 5117 234 5171 tine
250 5133 257 5170 τ
273 5114 375 5170 Scimus
393 5111 470 5166 etiam
487 5107 581 5179 moqiae
594 5108 673 5166 licere
689 5106 854 5176 explorandis
869 5106 976 5161 ascititia

176 5204 226 5256 per
235 5185 410 5245 cataioiicos,
437 5189 460 5234 et
472 5176 639 5250 paneadenses
650 5180 783 5249 pgtoniros
793 5177 907 5248 spiritus.
922 5177 974 5230 Ca·

178 5258 289 5314 tabolioi
305 5255 427 5326 reqbrnu,
444 5253 478 5304 de
493 5264 546 5318 qao
561 5253 634 5318 prius
653 5248 854 5310 dubitabarous,
870 5256 973 5302 certum

179 5330 313 5387 trabernas
326 5341 359 5382 es
373 5326 433 5379 loco
445 5319 604 5376 Tertulliani
627 5324 729 5385 citato;
750 5321 796 5374 seri
810 5319 869 5387 ejus
890 5320 974 5372 inter-

182 5402 364 5475 pretationem
379 5395 412 5449 ad
426 5400 533 5463 gustum
548 5403 670 5449 nostrum
687 5407 739 5445 arun
755 5390 902 5453 itaberaus;
915 5403 977 5444 nam

182 5489 265 5547 qoam
287 5470 369 5525 babet
390 5462 533 5520 Turnebus
547 5461 573 5516 in
596 5464 777 5530 aduersariis,
793 5475 903 5532 prorsus
925 5475 979 5515 non

184 5548 292 5619 piacet.
309 5541 373 5595 licet
386 5535 507 5592 rideatur
521 5537 668 5605 approbata
684 5533 719 5589 ab
733 5534 826 5589 Leone
842 5531 941 5587 illlatio
954 5533 980 5584 in

184 5632 235 5672 soa
249 5613 285 5669 dc
301 5610 457 5682 Eogastrin,
480 5618 541 5673 cap.
558 5608 585 5672 i,
603 5622 685 5679 quem
701 5606 773 5672 aide,
799 5615 825 5658 et
852 5604 878 5658 iu
893 5617 926 5656 eu
949 5603 983 5658 de

109 5729 114 5736 .
185 5683 334 5761 Pptooieis.

934 3060 978 3101 il·'

1012 1497 1092 1544 tetras.

1049 1560 1151 1617 ibidem
1166 1561 1271 1633 (ibid).
1284 1562 1410 1617 Dentibus
1425 1564 1528 1628 alienis,
1544 1571 1609 1629 etc,
1623 1576 1718 1617 serres
1769 1616 1772 1621 ,

1051 1632 1151 1688 ibidem
1177 1631 1274 1705 (ibid.
1289 1635 1310 1706 ).
1332 1632 1505 1705 Resupiaatas
1531 1643 1640 1689 sectores
1666 1642 1690 1686 et
1712 1632 1812 1700 peada·

932 1742 937 1751 .
1015 1702 1064 1765 ias,
1079 1715 1145 1769 ete,
1162 1704 1316 1760 Debuerant
1329 1706 1400 1758 enirn
1412 1707 1487 1760 crrrai
1503 1714 1584 1769 stare,
1596 1713 1624 1758 et
1636 1702 1768 1769 depressi,
1783 1711 1812 1755 at

1014 1788 1117 1828 serram
1133 1774 1273 1839 ducerent,
1289 1775 1504 1845 reducoreotque
1522 1777 1547 1829 io
1568 1774 1689 1845 partibus
1701 1773 1774 1828 imis.

1051 1844 1150 1900 ibidem
1167 1843 1277 1916 (ibid).
1297 1847 1347 1913 Qui
1360 1847 1458 1917 figuras
1470 1848 1582 1917 gentiunt
1594 1862 1652 1898 cum
1667 1860 1714 1898 sua
1725 1858 1812 1913 perse·

1010 1926 1121 2040 protom
1139 1915 1311 1980 damnarunt,
1333 1928 1385 1970 etc.
1401 1916 1523 1972 lustinus
1538 1916 1638 1987 ldartyr
1662 1913 1772 1982 Dialogu
1784 1913 1812 1968 in

1036 1985 1144 2054 riplron.
1164 1986 1217 2041 :Si
1241 1987 1424 2042 intellexissent
1437 1988 1554 2053 utaqistri
1573 1986 1649 2040 vestri
1672 2000 1737 2051 eos,
1756 1999 1813 2037 cre·

1011 2056 1074 2118 dite,
1089 2058 1178 2128 sitisse,
1200 2056 1395 2124 dispuncturos,
1407 2074 1464 2125 quaa
1485 2057 1528 2111 de<
1541 2057 1611 2111 crede
1625 2055 1703 2109 lsaiae
1716 2056 1812 2125 scripta

1011 2135 1097 2203 eruut,
1112 2144 1188 2198 quem
1199 2144 1270 2181 serra
1282 2129 1365 2191 liqnea
1376 2127 1546 2193 disseruistis,
1557 2126 1625 2198 qrsod
1637 2127 1723 2198 ipsum
1733 2136 1757 2179 et
1769 2141 1812 2177 sa·

1012 2208 1171 2252 crarrreutuns
1185 2208 1233 2264 est,
1245 2196 1377 2253 Cirristum
1390 2200 1510 2268 bifariam
1530 2214 1610 2271 penus
1622 2207 1734 2251 uestrum
1750 2212 1811 2249 corr-

1012 2270 1138 2332 nisurum,
1162 2279 1238 2338 atque
1257 2269 1324 2323 aiios
1342 2269 1444 2339 quidem
1464 2270 1566 2341 dignos,
1582 2267 1696 2337 atqueia
1715 2283 1742 2321 se
1756 2281 1813 2320 cre·

1013 2339 1101 2392 dentes
1115 2356 1166 2392 una
1179 2356 1237 2392 cum
1249 2341 1344 2393 sarrctis
1367 2338 1531 2394 Patrinsaiu‘s
1542 2350 1565 2391 et
1584 2337 1722 2409 l’ropitetis
1732 2352 1812 2405 aequo

1013 2420 1107 2463 armna
1122 2412 1288 2479 dignaturum
1299 2426 1309 2476 ,·
1324 2409 1389 2464 aiios
1400 2421 1484 2473 autem
1496 2410 1615 2480 infideles
1626 2425 1683 2463 cuna
1696 2411 1812 2481 gentibus

1012 2479 1049 2533 nd
1062 2480 1298 2534 condennationem
1312 2482 1461 2536 missarum.

1014 2611 1041 2650 lii
1062 2611 1330 2655 tarsaeaertatottu
1351 2613 1391 2654 ΡΒ·
1410 2614 1507 2668 Cffll,
1532 2614 1558 2655 itt
1581 2613 1747 2656 APPENDICE!
1762 2613 1812 2654 RE·

1359 2684 1470 2725 JECTM.

1053 2761 1116 2831 Pag.
1131 2761 1185 2818 322
1199 2761 1288 2831 (Tarra.
1310 2778 1338 2817 ts
1361 2759 1520 2835 Patralogiae
1538 2773 1644 2825 nostrie,
1660 2762 1711 2818 coi.
1735 2761 1812 2833 692).

1014 2830 1116 2888 Contra
1139 2848 1243 2888 motem
1256 2833 1374 2889 Zenonis
1391 2843 1433 2889 est
1447 2834 1482 2889 de
1497 2834 1617 2890 historiis
1633 2846 1694 2889 esse
1709 2833 1811 2889 sollici·

1017 2912 1084 2967 tam,
1107 2911 1136 2959 et
1150 2904 1286 2971 inquirere
1310 2905 1499 2975 superstitiose
1521 2906 1548 2960 in
1565 2917 1700 2973 tempora,
1714 2905 1812 2972 quibus

1016 2972 1089 3028 laeta
1107 2977 1298 3041 successerint,
1314 2991 1375 3038 qum
1389 2978 1416 3030 in
1434 2977 1519 3031 saeris
1531 2976 1618 3032 Libris
1641 2976 1812 3046 praetigurata

1017 3044 1153 3115 leguntur,
1177 3061 1238 3101 cam
1261 3062 1369 3117 semper
1383 3048 1519 3118 precipue
1535 3045 1741 3102 tenderenisus
1764 3044 1811 3110 sit,

1018 3125 1047 3170 ut
1060 3118 1188 3186 populum
1205 3117 1326 3182 duceret,
1351 3133 1405 3189 qaro
1423 3120 1614 3185 erantpastore
1628 3117 1736 3173 Cbristo
1755 3119 1814 3187 ipse

977 3186 1000 3249 C
1016 3186 1166 3242 doctrinam
1182 3186 1361 3244 Christianam
1375 3189 1473 3243 animis
1483 3188 1602 3244 bdelium
1618 3189 1765 3251 intimaret,
1777 3202 1812 3243 ne

1016 3258 1082 3329 qnid
1105 3273 1121 3313 a
1143 3274 1174 3315 se
1192 3260 1384 3329 requirendam
1409 3271 1564 3329 superesset
1587 3260 1613 3314 iu
1636 3259 1757 3314 arrrneris
1771 3260 1813 3314 ia·

1014 3329 1101 3396 iuneti
1120 3330 1263 3385 exercitio.
1284 3329 1374 3387 iltitur
1393 3331 1457 3385 iicm
1480 3332 1507 3385 in
1527 3331 1579 3387 boc
1599 3329 1813 3402 digressionibus

1016 3399 1117 3469 longis
1132 3408 1230 3469 praeter
1245 3401 1317 3470 qaod
1327 3401 1424 3464 soleat,
1441 3411 1470 3456 et
1488 3402 1515 3455 ia
1529 3403 1586 3456 sola
1601 3400 1750 3471 prophetiae
1763 3415 1812 3470 ap·

1018 3470 1161 3540 plicatione
1176 3472 1263 3526 tendit
1280 3472 1306 3527 in
1326 3482 1466 3527 externam
1484 3473 1627 3542 quamdam
1641 3470 1810 3541 disquisitio-

1017 3556 1092 3605 nem,
1109 3556 1170 3612 quae
1186 3542 1252 3596 nibil
1272 3542 1389 3612 spiritui,
1406 3551 1460 3596 tota
1483 3543 1556 3598 inani
1577 3542 1730 3598 curiositati
1745 3556 1813 3595 con·

1018 3611 1115 3667 ierat:
1140 3613 1257 3684 alioquin
1282 3613 1378 3669 solitus
1402 3622 1482 3666 acuto
1505 3628 1631 3668 sermone
1658 3612 1812 3667 auditorum

1017 3683 1123 3737 animos
1142 3693 1306 3755 pertentare.
1329 3683 1506 3744 διδασκαλικὸς
1531 3697 1593 3739 esse
1614 3683 1704 3754 potius
1731 3696 1812 3751 quarn

1018 3755 1185 3829 linquenda,
1212 3762 1269 3810 tum
1296 3756 1376 3809 etiam
1402 3756 1519 3829 ἐξήγησις
1546 3757 1601 3825 ipsa
1620 3751 1814 3809 crrtbusiastiea

1017 3836 1080 3890 ost,
1108 3824 1293 3890 iocotmrens3
1320 3828 1434 3895 exempti
1455 3827 1541 3893 gratia
1568 3840 1629 3894 quse
1655 3824 1814 3899 longanae·

1020 3895 1122 3958 iadaarc
1144 3894 1178 3950 de
1204 3895 1285 3952 domo
1316 3896 1381 3950 brit
1414 3911 1475 3950 eura
1501 3897 1588 3963 potius
1603 3895 1630 3949 in
1644 3894 1670 3949 id
1691 3906 1815 3965 satagere

1019 3967 1167 4029 debuisset,
1180 3976 1209 4020 ut
1222 3966 1332 4022 cuilibet
1344 3968 1441 4021 dumus
1452 3967 1543 4036 generi
1558 3977 1613 4020 tum
1622 3966 1746 4035 spiritaii,
1759 3974 1815 4019 turn

1021 4051 1173 4107 corporeae,
1188 4048 1243 4092 trun
1256 4038 1391 4102 animatae,
1405 4047 1462 4092 tuan
1478 4037 1631 4091 inanimatae
1651 4038 1815 4106 erigeretur,

1020 4107 1127 4162 diuinus
1150 4107 1236 4176 lavor,
1254 4123 1303 4177 pru
1318 4109 1457 4179 propbetas
1483 4108 1616 4170 instituto,
1637 4108 1682 4177 qai
1705 4106 1814 4174 quidem

1020 4179 1072 4234 etsi
1085 4179 1175 4233 lorsan
1197 4181 1345 4250 prmtixerit
1363 4179 1416 4233 sibi
1431 4180 1465 4231 de
1482 4177 1593 4248 Templo
1607 4176 1813 4245 llierosulymis,

1020 4252 1107 4310 ἁπλῶς
1121 4264 1183 4304 earm
1201 4250 1291 4304 iructa
1307 4248 1410 4319 maiore
1429 4248 1462 4302 ad
1475 4262 1673 4317 quamcumque
1692 4248 1813 4312 domum,

1020 4329 1048 4374 ct
1060 4321 1214 4386 Civitatem,
1237 4320 1285 4374 sed
1307 4320 1340 4374 ad
1356 4320 1503 4373 bumanum
1517 4332 1714 4388 quemcumque
1729 4331 1815 4370 corra-

1021 4402 1077 4445 tum
1092 4392 1119 4445 in
1134 4405 1198 4458 quo,
1214 4392 1265 4445 nisi
1281 4390 1425 4459 oejrroono
1438 4389 1563 4454 Domino,
1573 4387 1696 4443 oiibomn
1709 4386 1816 4458 proiec-

1022 4470 1101 4516 turus
1114 4460 1161 4526 sit,
1183 4460 1254 4516 trabi
1270 4469 1385 4527 poterat.
1406 4459 1499 4526 Neque
1514 4460 1579 4513 satis
1593 4466 1700 4513 cunstat
1721 4456 1818 4514 Gbris·

1023 4534 1126 4587 tianum
1149 4531 1292 4586 uirtutibus
1314 4541 1342 4586 et
1368 4530 1497 4585 doctrinis
1530 4529 1576 4585 bei
1600 4530 1722 4599 plenum,
1747 4538 1818 4584 una·

1026 4619 1106 4673 quma
1119 4602 1230 4658 domum
1247 4603 1304 4657 istis
1324 4600 1505 4656 laudamentis
1525 4600 1684 4656 edificatam
1700 4615 1749 4667 per
1764 4599 1816 4653 [to-

1028 4676 1142 4735 miaum,
1159 4688 1211 4728 non
1218 4673 1319 4729 debere
1340 4688 1386 4727 saa
1401 4672 1582 4727 sollieitudine
1599 4671 1741 4736 custodiri,
1757 4683 1819 4724 carm

1028 4743 1153 4800 Christus
1178 4746 1314 4814 precipua
1328 4753 1352 4797 et
1369 4742 1425 4797 suis
1440 4743 1533 4797 eiectis
1552 4741 1689 4812 apostolis
1704 4739 1820 4810 uigilan-

1029 4817 1092 4869 duur
1121 4826 1150 4871 et
1172 4816 1314 4877 orandum,
1332 4830 1366 4870 ne
1385 4815 1496 4870 tentatio
1511 4826 1558 4868 eos
1574 4812 1732 4876 sedrreeret;
1747 4809 1819 4866 etl).

1031 4887 1141 4952 Paulus,
1155 4883 1332 4941 adllouianos
1344 4900 1404 4954 cap.
1428 4900 1467 4950 sa,
1484 4899 1558 4938 nura.
1581 4883 1629 4948 Ὦ,
1643 4884 1715 4938 dicat
1730 4900 1738 4936 a
1755 4880 1822 4935 Vide

1028 4973 1094 5040 ergo
1121 4957 1269 5012 bonitatem
1285 4968 1310 5011 et
1332 4956 1502 5029 severitatem
1521 4955 1569 5010 liei
1584 4974 1592 5010 ε
1608 4956 1634 5009 ia
1649 4968 1697 5009 eos
1711 4952 1820 5022 quidem

1027 5043 1072 5098 qur
1085 5028 1241 5083 ceciderunt
1255 5026 1471 5082 severitatemin
1483 5035 1509 5080 te
1522 5035 1611 5081 sortem
1627 5026 1785 5089 bonitatem,
1799 5023 1822 5077 si

1028 5098 1210 5166 permanseris
1231 5098 1258 5151 iu
1273 5098 1410 5162 bonitate3
1425 5096 1555 5166 alioquin,
1579 5108 1606 5152 et
1627 5106 1655 5151 ta
1674 5093 1822 5152 excideris.

1026 5169 1099 5240 Ergo
1113 5177 1227 5223 conatus
1241 5183 1274 5224 ex
1291 5178 1384 5223 nostra
1402 5177 1479 5236 parte
1500 5182 1562 5222 esse
1584 5167 1677 5234 debet,
1685 5176 1723 5221 ·ut
1735 5166 1826 5221 iuleia-
1911 5212 1920 5225 ,

1026 5254 1087 5296 mas
1101 5240 1173 5308 quod
1189 5238 1260 5293 ileos
1277 5237 1459 5293 commodarit
1483 5238 1571 5293 anlris.
1589 5237 1719 5293 Hanaanas
1741 5236 1825 5305 siqui·

1024 5312 1087 5369 dem
1101 5318 1205 5366 notura
1228 5309 1399 5365 imbecillitas
1414 5310 1541 5375 aaaaima,
1560 5310 1608 5365 sed
1625 5309 1710 5379 gratia
1734 5306 1824 5362 divina

1033 5384 1171 5441 resistenti
1187 5381 1381 5438 tentationibus
1405 5381 1492 5448 adest,
1506 5390 1537 5436 ut
1554 5379 1635 5436 docet
1654 5380 1725 5435 idem
1755 5379 1828 5445 Apo·

1035 5458 1122 5513 stolas
1136 5457 1169 5511 ad
1180 5451 1304 5510 Coriatb.
1318 5467 1415 5523 u,cap.
1431 5468 1479 5516 sn,
1494 5468 1568 5507 nam.
1581 5455 1606 5506 8.
1624 5449 1700 5506 liitto
1712 5448 1827 5516 reliqua,

1038 5542 1101 5583 nant
1119 5543 1179 5584 cum
1203 5525 1363 5581 adverbum
1388 5527 1557 5593 reperiantur
1576 5523 1603 5577 ln
1624 5521 1727 5575 llilario
1739 5519 1825 5573 Picta·

1041 5599 1137 5662 virosi,
1150 5598 1232 5653 credo
1244 5597 1324 5652 luerit
1332 5597 1443 5667 justitiae
1463 5610 1531 5664 opus
1547 5593 1584 5648 iili
1604 5591 1729 5660 relinqui,
1744 5601 1833 5669 neque

1042 5670 1159 5727 Zerrorris
1172 5668 1365 5724 crrnscientiam
1379 5667 1468 5721 alieno
1486 5667 1578 5719 labore
1599 5675 1723 5714 narcrare.
1740 5658 1834 5712 lltlaru

227 5756 328 5814 ibidem
356 5747 462 5822 (itta).
480 5751 554 5807 intra
577 5749 683 5805 ioricam
706 5748 774 5803 sacri
797 5743 988 5820 pectorisfidqi
1044 5753 1134 5810 aretem
1148 5755 1208 5796 esse
1224 5739 1323 5809 arguit,
1338 5740 1409 5819 qaod
1425 5751 1485 5791 eram
1500 5737 1522 5789 is
1535 5735 1639 5786 dirarur
1651 5727 1842 5814 iirigettemip

193 5829 333 5893 terrasiam,
346 5820 548 5895 nundinationis,
561 5829 616 5879 ete.
630 5820 743 5879 Videtur
756 5835 788 5875 ss
803 5817 845 5873 bis
855 5815 990 5874 dissectas
1046 5813 1169 5869 Psartrnns
1181 5811 1404 5880 conscripsissem
1417 5816 1491 5886 recte
1503 5803 1689 5875 perpenderis,
1702 5799 1844 5871 Origenes-
