4142 6175
150 254 222 320 didi
783 250 788 257 ’
891 251 1079 315 helenum.
1736 254 1803 312 llos

184 375 271 433 Porro
280 387 344 433 cum
356 373 453 432 Patres
466 370 795 446 conciliCarthaginensis
809 371 837 429 iu
851 385 900 427 sua
914 370 949 427 ad
961 370 990 432 A
1001 373 1088 444 scopi,
1104 371 1150 443 nui
1165 373 1288 429 eamdent
1303 388 1414 431 causam
1430 372 1608 430 discuterent.
1625 372 1808 444 Augustinus,

150 470 339 532 innocentium
353 470 468 541 epistola
483 479 613 537 narrent,
627 469 712 527 ferme
725 479 789 527 ante
800 471 952 540 quinquen·
1004 478 1034 522 ιιι
1062 467 1137 536 prins
1151 469 1298 524 concilium
1313 462 1528 538 carthaginense
1553 477 1634 524 vocat
1657 468 1807 523 concilium

154 567 231 627 trium
247 566 329 623 fnisse
343 565 370 623 in
385 564 507 622 Ecclesia
527 563 734 637 cathaginensi
749 564 878 636 agitatam
890 576 956 618 cau·
1005 560 1349 631 provinotscantngtnts,
1370 559 1410 615 sic
1429 558 1502 615 istud
1522 559 1652 626 alterum,
1672 558 1746 632 quod
1771 558 1809 614 ad

154 674 214 718 sarri
226 658 359 727 Coefestii,
370 668 482 732 apparet
491 674 545 716 non
557 660 638 715 modo
649 657 819 729 Pelagisuam
830 655 955 712 heresim
1007 654 1145 710 zosimum
1166 653 1315 710 Danooerrtii
1334 667 1522 709 successorem
1537 654 1680 726 scripsisse
1694 660 1811 718 narrat,

155 752 321 825 publieatsm
341 749 425 806 fuisse
439 748 521 807 citius
535 765 615 820 quam
630 748 748 821 Prosper
762 756 891 814 annotet,
907 745 957 802 sed
1007 758 1087 804 uocat
1101 745 1248 807 concilium
1263 745 1439 810 Africanum,
1460 745 1489 802 in
1507 746 1624 816 epistola
1646 762 1732 802 ιιιιι.
1753 743 1812 801 Sed

156 856 184 902 et
202 843 358 901 (ιιιιιιιιιιιι
379 840 414 899 ibi
434 856 513 910 esse,
534 857 590 915 quo
610 853 732 913 tempore
757 839 957 897 Donatistarum
1007 842 1131 913 ejusdem
1146 841 1255 897 consilii
1272 842 1415 911 qrrarndam
1432 838 1532 903 fnisse,
1552 850 1583 895 ut
1604 850 1700 903 rooat.
1720 840 1816 896 conti-

158 951 241 995 csusa
255 935 352 993 eodem
368 935 396 991 in
412 935 474 992 loeo
487 935 651 1007 agitabatur,
669 934 780 991 tametsi
792 933 959 1005 Augustinus
1009 934 1184 1000 aristionem,
1208 933 1330 1002 pluribus
1352 949 1385 988 ιι
1404 932 1495 989 Africa
1515 933 1759 997 concurrentibus,
1783 941 1815 989 et

158 1029 187 1087 fn
203 1027 352 1085 Donatistis
370 1027 526 1085 refellendis
546 1035 783 1100 tuneoccupatus,
798 1025 960 1098 Pelagianos
998 1027 1063 1093 iis,
1078 1027 1124 1098 qui
1140 1037 1219 1083 antea
1235 1025 1391 1082 hfileritano
1412 1024 1610 1094 interfuerant,
1628 1039 1690 1080 eum
1711 1027 1745 1081 iis
1765 1026 1815 1097 qui

160 1120 281 1179 nondum
297 1132 443 1191 aggressus
457 1127 541 1175 esset.
556 1118 629 1176 Sane
649 1119 698 1175 ιιι.
713 1134 733 1174 ιι
749 1118 881 1186 Ιιιιιιιι.,
897 1132 958 1188 cap.
1011 1118 1227 1190 Carthaginensi,
1243 1118 1478 1185 eonsentennhus,
1499 1119 1597 1174 merito
1617 1117 1712 1189 aliquis
1734 1118 1816 1174 dise-

159 1213 215 1279 53,
231 1211 387 1284 significans
401 1213 560 1271 Coelestinm
575 1212 676 1285 Pelagii
697 1212 859 1284 discipulum
879 1210 962 1267 fuisse
1013 1210 1060 1266 rit.
1084 1210 1171 1266 Sicuti
1193 1219 1221 1265 et
1240 1224 1334 1265 rursus
1354 1209 1488 1281 qainddanr
1508 1209 1645 1281 posterius
1660 1208 1812 1280 plenarium

160 1302 199 1361 lot
221 1303 379 1361 damnatum
393 1316 457 1359 ante
470 1319 549 1361 suum
564 1304 739 1375 magistrum;
753 1303 907 1371 Caelestius,
922 1302 963 1357 in·
1013 1303 1157 1361 enneithnn
1174 1301 1254 1357 tritius
1269 1300 1367 1359 Africm
1386 1302 1508 1357 eamdent
1528 1301 1564 1356 oh
1585 1315 1696 1356 causam
1714 1314 1813 1356 conre-

161 1397 239 1469 quit,
259 1396 402 1471 discipulas
420 1397 477 1469 ejus
490 1401 548 1471 jam
577 1408 681 1468 propser
704 1396 768 1452 tates
792 1395 964 1451 dissensiones
1016 1398 1089 1454 nisse
1104 1397 1271 1467 Augustinus
1284 1395 1418 1468 significat
1432 1395 1458 1450 in
1478 1396 1593 1466 epistola
1616 1410 1699 1449 ιιιιι.
1721 1392 1814 1464 Deque

160 1490 233 1563 apud
252 1487 434 1558 Carthaginem
452 1490 479 1544 in
498 1490 640 1564 episcopali
654 1491 769 1562 judicio,
788 1489 833 1545 alt
852 1505 898 1561 ego
913 1505 965 1544 non
1016 1490 1157 1548 dissimilis
1176 1491 1297 1560 quedam
1319 1490 1368 1544 fnit
1381 1486 1673 1557 Constantinopolitani
1686 1486 1816 1554 concilii,

161 1585 288 1657 interfui,
303 1585 595 1642 euoatmuns’ratioaem
609 1594 750 1641 manerat.
1016 1584 1089 1657 quod
1111 1584 1195 1640 fuisse
1215 1583 1363 1639 ιιιιιιιιιιιιι
1385 1582 1541 1637 uniuersale
1559 1583 1656 1648 aiunt,
1676 1579 1817 1646 conditio,

201 1677 297 1736 Patres
319 1677 469 1737 Afilevitani
492 1678 599 1735 concilii
625 1677 719 1751 (inter
742 1691 811 1750 quos
829 1675 966 1759 Syltanns
1017 1693 1079 1735 cusu
1104 1676 1199 1733 Patres
1222 1677 1303 1732 modo
1322 1654 1535 1742 dirrrltterentnr,
1556 1674 1637 1730 modo
1656 1688 1821 1729 revocarem

163 1770 253 1845 primo
273 1771 349 1839 loeo,
370 1771 539 1842 Augustinus
557 1779 656 1828 octavo
675 1770 852 1842 numeratur)
868 1768 896 1824 in
916 1782 965 1823 sua
980 1754 1005 1815 Β
1019 1782 1072 1827 tur.
1092 1771 1228 1826 Cnserrrm
1248 1784 1310 1825 eum
1329 1769 1455 1825 historici
1481 1770 1531 1824 ista
1551 1769 1663 1824 confuse
1686 1776 1820 1835 narrant,

165 1862 199 1919 sd
219 1861 406 1919 Innocentium
426 1862 541 1934 epistola
561 1862 636 1919 aiunt
649 1876 710 1918 sese
724 1861 757 1917 ad
773 1877 834 1917 eum
850 1860 885 1916 de
898 1875 966 1917 con·
1018 1879 1108 1933 neniae
1132 1864 1274 1935 quiequam
1299 1862 1479 1933 distinguunt,
1505 1861 1590 1917 mulla
1614 1861 1740 1932 imperite
1753 1861 1822 1916 mis·

166 1954 230 2011 cilio
249 1953 384 2011 Numidiae
403 1954 524 2011 scrihere
542 1953 577 2010 de
598 1955 673 2010 Actis
691 1963 785 2009 contra
807 1952 965 2023 Pelagium,
1018 1966 1082 2013 cens
1102 1973 1163 2025 ιιι
1182 1956 1360 2013 discernenda
1379 1965 1459 2025 surra,
1477 1966 1505 2012 er
1531 1954 1673 2012 credulum
1689 1954 1819 2011 lectorem

164 2047 305 2106 imitantes
343 2047 565 2119 carthaginensis
599 2047 730 2103 ecelesia
767 2046 969 2117 protinciaeque
1018 2065 1092 2120 saepe
1108 2048 1215 2105 fallunt.

170 2143 358 2214 coepiscopos.
371 2142 441 2213 Ergo
449 2141 505 2213 jana
518 2128 618 2197 editum
629 2152 688 2197 erat
706 2140 845 2197 decretum
861 2138 970 2197 concilii
1057 2142 1177 2212 Prosper
1196 2150 1308 2197 arrnotat
1328 2139 1473 2197 concilium
1493 2139 1704 2211 Carthaginense
1717 2137 1751 2193 ad
1765 2139 1821 2194 Zo-

168 2236 243 2294 lllius
268 2235 489 2307 carthaginensis
512 2244 607 2292 contra
634 2235 805 2307 Pelagianam
832 2235 967 2291 liseresim.
1021 2234 1121 2290 simum
1129 2234 1274 2306 scripsisse
1288 2233 1408 2290 lionorio
1421 2250 1456 2289 ιιι
1470 2242 1499 2289 ιι
1515 2233 1669 2290 Theodosio
1685 2249 1729 2288 stu
1743 2247 1819 2289 coss.

168 2325 342 2397 Responsum
361 2334 452 2383 ιιιιιιιι
472 2324 624 2382 iunocentii
644 2325 741 2397 pontif.
757 2325 791 2382 ud
805 2326 902 2382 Patres
922 2325 971 2381 hii·
1021 2342 1094 2383 anian
1107 2325 1208 2382 Christi
1224 2326 1287 2382 tao.
1304 2325 1371 2382 Aeta
1385 2325 1522 2394 indicant,
1535 2324 1570 2380 iis
1584 2339 1656 2380 coss.
1670 2325 1698 2379 in
1711 2338 1745 2380 eo
1756 2338 1824 2379 oon·

170 2417 304 2478 ievitanos
323 2421 415 2476 datum
442 2433 504 2475 esse
522 2419 621 2475 dieitur
646 2435 673 2475 tr
697 2418 808 2475 kalend.
826 2418 971 2487 Fehruar„
1022 2421 1087 2476 cilio
1107 2421 1307 2491 pronuntiatum
1329 2420 1412 2475 faisse
1430 2427 1525 2475 eornm
1544 2417 1717 2488 Pelagiansm
1732 2418 1822 2472 lasere·

170 2512 292 2571 Honorio
310 2522 339 2569 et
356 2509 518 2569 Constantio
544 2526 616 2569 coss.
638 2512 694 2584 Ego
717 2520 783 2584 puto
808 2512 971 2584 legendum,
1024 2515 1091 2580 sim,
1105 2500 1326 2584 etAugrrstinum
1342 2512 1498 2568 interfuisse
1509 2512 1673 2585 significant.
1687 2511 1822 2568 Ceterum

172 2604 311 2661 Constante
328 2613 352 2660 el
370 2603 521 2661 Constantio
540 2604 721 2668 coss.,‚sieuti
740 2611 768 2658 et
785 2603 812 2659 in
826 2602 922 2659 codice
946 2600 974 2656 hi
1025 2607 1084 2677 ipse
1099 2605 1268 2675 Augustinus
1282 2616 1376 2661 namat
1388 2619 1449 2661 sese
1461 2604 1558 2662 iisdem
1571 2620 1644 2661 coss.
1658 2619 1698 2660 ιιι
1710 2602 1822 2659 kalend.

173 2697 301 2754 consules
319 2696 530 2770 coniunguntur.
552 2696 616 2753 Fuit
634 2697 744 2769 quidem
773 2697 818 2754 hie
840 2695 975 2755 Constan-
1026 2696 1151 2754 Dotohris
1175 2698 1308 2752 cesareae
1332 2698 1358 2752 in
1379 2696 1540 2752 Mauritania
1561 2710 1739 2768 congressum
1761 2709 1826 2752 esse

173 2791 228 2849 tius
242 2807 261 2847 u
276 2806 333 2847 ens.
350 2806 412 2848 curn
429 2791 550 2848 ffonorio
563 2789 632 2862 frtrp.
645 2790 699 2847 Sed
720 2800 783 2847 tunc
802 2791 976 2848 innocentius
1026 2804 1089 2845 cum
1107 2789 1226 2844 Emeritn
1243 2788 1396 2851 Donatista,
1413 2798 1441 2844 et
1460 2788 1682 2861 carthaginensis
1695 2803 1757 2845 eum
1773 2788 1828 2844 Do·

173 2893 234 2940 emt
247 2893 391 2951 mortuus,
419 2892 449 2939 ut
474 2898 507 2939 ιι
535 2882 671 2940 Chronico
700 2883 825 2954 Prosperi
852 2895 975 2955 apparet.
1028 2881 1136 2940 naristis
1155 2880 1315 2938 collationis
1331 2881 1463 2952 judicium
1483 2882 1649 2939 defendisse.
1668 2881 1743 2938 Adeo
1757 2881 1829 2937 nihil

175 2974 311 3034 Ceterum
330 2977 507 3034 Constantem
531 2984 560 3034 et
584 2977 772 3033 Constantium
798 2994 869 3036 coss.
896 2979 978 3036 fuisse
1030 2991 1084 3031 non
1100 2983 1128 3030 et
1143 2973 1259 3031 faciehnt
1272 2984 1300 3029 et
1310 2974 1584 3046 prestabatoptimns
1594 2976 1719 3043 antistes,
1731 2975 1831 3032 deus

176 3083 249 3127 utino
262 3068 317 3127 tte
335 3069 436 3128 indicat
451 3070 523 3128 idem
539 3071 673 3144 Prosper:
691 3080 721 3128 ut
748 3074 770 3130 si
785 3090 819 3130 eo
833 3089 905 3130 ιιιιιιι
919 3090 977 3131 res·
1030 3068 1122 3125 clesiae
1137 3068 1225 3125 salute
1241 3067 1386 3124 sollicitus.

178 3160 305 3234 panderit
329 3159 504 3219 Innocentius
528 3163 689 3219 Mileritanis
709 3164 851 3232 Patribus,
868 3142 1016 3222 trecenseC
1069 3163 1154 3218 Porro
1166 3161 1200 3216 ad
1214 3161 1354 3217 zosimum
1367 3177 1401 3218 ιι
1415 3161 1543 3218 Africano
1556 3164 1674 3221 concilio
1687 3162 1831 3234 scriptum,

179 3256 217 3313 sit
240 3255 385 3313 conscilium
405 3255 618 3328 carthaginense
636 3266 731 3315 nurttra
752 3258 912 3331 Pelagianos
939 3261 980 3316 in·
1031 3266 1060 3313 et
1082 3271 1097 3311 a
1120 3255 1231 3312 zosimo
1254 3255 1415 3325 rescriptum
1438 3255 1470 3311 ad
1495 3256 1638 3313 universos
1658 3257 1835 3314 lotiusorhis

181 3346 310 3404 elisatam
323 3363 385 3405 esse
403 3348 494 3404 statim
515 3358 577 3421 post
590 3348 768 3408 collationem
783 3361 877 3408 cornua
896 3354 981 3412 hona·
1032 3351 1177 3421 episcopos
1192 3348 1275 3407 fuis-<e
1288 3352 1328 3404 att
1340 3349 1455 3421 Angnsr.
1471 3351 1586 3422 epistola
1604 3367 1689 3406 rnvn.
1705 3349 1759 3406 Sed
1773 3351 1836 3421 eius

183 3440 271 3496 tisias.
288 3439 375 3496 Porro
390 3441 558 3512 Augustinus
573 3443 600 3497 in
616 3444 696 3512 epist.
714 3458 803 3510 strat,
819 3444 933 3515 fnqrrens
947 3444 982 3501 de
1033 3445 1129 3515 scripti
1144 3445 1304 3514 rescriptiae
1318 3442 1385 3498 nihil
1401 3453 1485 3499 estet.
1499 3443 1583 3500 Addit
1596 3445 1783 3514 Augustinus:
1801 3444 1838 3499 t's

182 3530 357 3588 damnatione
374 3530 512 3588 hereseos
531 3533 700 3604 Pelagianae,
720 3537 759 3590 alt
777 3551 831 3591 non
853 3538 933 3593 inodo
948 3538 982 3594 de
1034 3540 1103 3609 qnod
1115 3540 1251 3611 posteriori
1267 3539 1376 3593 coneilio
1392 3539 1509 3609 plenario
1529 3538 1609 3593 latios
1628 3538 1726 3609 Africae
1745 3548 1837 3593 mntrn

182 3623 301 3682 concilio
314 3621 486 3695 Carthaginis
502 3627 650 3698 provincia
664 3636 692 3683 et
704 3627 837 3685 humidis
851 3631 982 3702 scriptum
1034 3648 1148 3687 errorem
1164 3630 1267 3704 Pelagii
1281 3631 1388 3687 leander
1401 3632 1589 3687 constituimus.
1605 3630 1659 3688 Sed
1681 3631 1747 3686 nihil
1768 3646 1840 3700 prar-

184 3719 219 3776 od
240 3717 424 3776 frttsocentiam
445 3735 542 3794 papam
562 3720 666 3790 fuisse,
686 3725 734 3781 sed
750 3734 777 3781 et
791 3725 929 3798 aliquanto
944 3729 985 3784 di·
1036 3734 1111 3782 terea
1131 3725 1166 3781 de
1185 3738 1219 3780 en
1241 3724 1363 3793 plenario
1383 3724 1517 3790 concilio,
1540 3723 1583 3779 eui
1605 3737 1635 3779 se
1649 3724 1736 3794 magis
1750 3721 1841 3778 inter·

184 3811 314 3882 ligentins
327 3826 342 3866 a
356 3814 475 3884 quinque
488 3814 633 3885 episcopis.
656 3816 688 3872 Ηι
711 3816 820 3875 fuerttnt
838 3820 985 3888 Aurelius,
1038 3819 1123 3875 fuisse
1142 3816 1296 3888 significat,
1318 3815 1389 3887 quod
1409 3815 1499 3871 dicam
1521 3817 1627 3882 haheo,
1644 3815 1696 3870 nisi
1715 3815 1787 3885 quod
1807 3830 1840 3871 ea

186 3903 318 3976 Alypius,
338 3900 523 3974 Augustinus,
548 3906 685 3973 Evodins,
709 3920 737 3963 et
759 3910 915 3977 Possidius,
940 3915 986 3981 qtri
1039 3926 1099 3982 quan
1113 3908 1345 3965 circumferuntur
1358 3908 1424 3962 Acta
1437 3908 1545 3964 concilii
1559 3906 1797 3977 Carthaginiensis,
1814 3916 1844 3963 nt

187 3997 271 4054 etiam
291 3994 423 4069 (excepto
439 3995 578 4070 Evodio),
593 4006 623 4054 ut
636 4013 697 4055 eunt
713 4000 863 4059 Donatistis
881 4004 908 4059 in
928 4005 990 4060 Col-
1040 4003 1141 4075 Pelagii
1155 4019 1209 4057 sion
1223 4002 1427 4066 mentiarerunt,
1441 4002 1481 4057 sie
1497 4001 1617 4056 indicant
1632 4008 1773 4071 postremo
1787 4000 1842 4069 agi·

193 4085 296 4144 latione
314 4089 562 4157 committerentur,
577 4090 670 4146 selecti
685 4091 802 4149 fueraut.
829 4094 877 4151 Est
899 4106 989 4152 atatem
1043 4106 1125 4152 talant
1148 4094 1231 4152 inisse
1250 4094 1351 4163 aliam,
1372 4095 1451 4166 cnjras
1471 4094 1542 4164 apud
1564 4092 1745 4164 Augustinum
1769 4093 1841 4148 nulla

162 4189 164 4196 '
190 4179 386 4246 memorabile,
407 4180 478 4250 guod
498 4180 664 4252 Augustinus
685 4185 711 4238 ιιι
731 4186 812 4256 epist.
828 4202 863 4243 es
879 4196 989 4257 narrat,
1043 4197 1086 4244 est
1109 4187 1228 4252 metatio,
1253 4201 1363 4242 canuam
1388 4183 1493 4255 Aptarii
1515 4184 1686 4256 presbyteri,
1713 4192 1741 4239 et
1760 4183 1787 4238 in
1811 4199 1842 4237 ea

191 4270 299 4328 duobus
323 4271 447 4328 conciliis
472 4270 605 4330 Numidiae
629 4285 657 4331 et
680 4274 872 4351 Carthaginis,
898 4297 991 4338 curam
1044 4281 1222 4352 quaestionem
1238 4277 1352 4349 dejure
1372 4278 1574 4349 provocationis
1593 4277 1725 4334 adsersus
1742 4277 1846 4347 legatus

191 4364 389 4433 scripturarum
408 4363 460 4420 silai
480 4364 515 4421 ab
533 4365 669 4437 episcopis
683 4367 836 4440 impositam
850 4387 922 4428 esse.
940 4372 993 4430 Un·
1046 4375 1167 4444 zosimi,
1183 4375 1371 4445 scriptumque
1385 4388 1417 4430 ea
1432 4374 1467 4430 de
1481 4388 1512 4430 re
1525 4373 1613 4432 fuisse
1625 4373 1659 4430 sd
1680 4372 1848 4430 Doniiacium

193 4454 229 4513 de
247 4455 384 4525 conjicere
404 4454 484 4524 licet,
505 4456 599 4526 quarrti
618 4465 674 4514 tum
695 4458 774 4517 ficret
792 4461 837 4519 hic
860 4464 993 4522 antistes:
1048 4467 1149 4522 Zosimi
1164 4480 1372 4534 successorem,
1389 4474 1417 4524 et
1435 4466 1553 4538 denique
1567 4466 1601 4522 ad
1616 4466 1774 4521 Coelestinm
1794 4464 1849 4520 Dn-

195 4557 225 4604 et
254 4557 343 4605 tamen
370 4548 508 4619 superavit
535 4551 777 4619 exspectationem.
803 4553 904 4611 Verum
929 4528 1037 4614 illudD
1054 4560 1144 4617 nifacli
1158 4549 1347 4616 successorem
1370 4569 1422 4616 :nt
1437 4560 1460 4616 ιι
1475 4560 1512 4616 ita
1532 4560 1583 4625 sit,
1598 4573 1727 4616 necessse
1742 4558 1778 4615 sit
1798 4557 1852 4615 lanc

197 4638 280 4697 niodo
299 4639 378 4707 dico,
399 4640 540 4698 Aurelium
559 4642 784 4716 Carthaginensis
802 4650 930 4717 conscilii,
956 4653 1000 4708 cni
1055 4653 1202 4710 concilium
1229 4653 1322 4709 ratultis
1345 4654 1425 4710 annis
1450 4653 1575 4711 durasse.
1603 4653 1657 4711 Sed
1695 4669 1792 4710 uereor
1818 4669 1853 4710 ne

198 4729 363 4804 prefuerat,
383 4732 562 4805 Augus-tinum
579 4735 743 4806 ftltevttanf,
759 4739 804 4796 eui
823 4740 1000 4813 interfuerat,
1056 4745 1140 4802 multa
1160 4755 1188 4803 et
1207 4744 1320 4803 corifuse
1340 4757 1367 4803 et
1385 4746 1455 4803 falso
1472 4747 1610 4817 iactentur
1628 4762 1660 4804 ea
1679 4746 1714 4803 de
1734 4763 1773 4804 re.
1794 4745 1853 4802 Non

198 4828 361 4883 serrmntiam
380 4828 546 4899 contulisse,
562 4839 588 4888 et
603 4832 689 4888 trihus
703 4833 763 4889 aliis
780 4834 915 4907 adjunctis
929 4853 1002 4894 eam·
1056 4839 1162 4897 inficior
1177 4843 1356 4911 ernestionem
1370 4841 1429 4912 ejus
1450 4843 1560 4913 generis
1583 4841 1701 4912 aliqnam
1726 4841 1854 4913 agitatam

201 4918 264 4976 dem
285 4936 379 4977 rursus
397 4937 506 4979 causam
527 4925 634 4997 egisse,
660 4940 693 4982 ιι
716 4928 839 5001 urheqne
862 4930 1002 5005 Carthagi·
1056 4948 1134 4989 esse:
1150 4932 1198 4987 sed
1214 4932 1331 4988 fideliter
1346 4945 1373 4988 et
1383 4932 1544 5003 simpliciter
1554 4932 1692 4989 recitanda
1705 4943 1789 5000 esset,
1802 4949 1855 4991 non

202 5011 282 5071 aerrsi
311 5012 345 5068 ad
373 5013 561 5076 innocentium
589 5020 747 5094 diligentius
774 5025 927 5097 scripsisse.
957 5028 1007 5086 Est
1057 5035 1147 5083 autem
1162 5026 1367 5081 contumeliosis
1377 5023 1561 5083 additionibus
1572 5027 1792 5084 contantinanda.
1805 5027 1858 5082 Do·

205 5107 286 5178 chisl-
307 5118 375 5170 Act,
394 5106 472 5178 cujus
492 5113 653 5184 principium
674 5127 735 5172 est:
757 5114 797 5175 De
811 5120 926 5175 conciliis
940 5121 1007 5178 dua·
1059 5134 1111 5175 nus
1126 5118 1194 5174 Deru
1207 5117 1285 5189 jubet
1299 5134 1350 5175 nos
1364 5118 1398 5174 de
1411 5132 1443 5174 ea
1456 5117 1582 5190 judicare
1595 5132 1630 5174 ιι
1644 5118 1752 5184 Graeco,
1767 5118 1860 5188 potius

205 5198 254 5256 iss
277 5196 416 5270 monasio
439 5198 650 5276 Carthaginensis
674 5219 698 5264 es
724 5208 857 5267 flamidioe
878 5213 913 5268 od
936 5211 1019 5271 tanna
1059 5229 1142 5286 quam
1155 5228 1190 5269 ιι
1204 5211 1300 5268 Latino
1315 5223 1400 5269 testu.
1417 5212 1471 5269 Sed
1486 5229 1520 5268 an
1547 5213 1687 5269 existimat
1703 5211 1771 5269 Aeta
1785 5211 1859 5269 Afri·

207 5290 378 5350 Sssnrtitatena
401 5307 417 5345 a
437 5306 489 5346 uon
516 5311 595 5362 pomo
627 5302 806 5372 episcoporum
824 5322 931 5362 nantem
950 5307 1007 5364 rui·
1060 5324 1128 5367 cana
1153 5307 1248 5365 Grues
1276 5307 1367 5379 potins
1392 5322 1472 5380 quarn
1499 5305 1594 5361 Latine
1619 5307 1720 5380 scripta
1744 5307 1859 5376 prinlum

208 5384 318 5456 scriptas
333 5385 430 5441 litteras
444 5385 572 5442 ntisirmn.
583 5388 686 5465 Nempe
700 5397 868 5454 easmiserat
883 5400 1010 5456 Aurelius
1061 5402 1166 5459 fuisset
1186 5402 1270 5459 Recte
1289 5417 1356 5458 sane
1368 5401 1486 5458 Africani
1498 5400 1593 5457 Patres
1604 5400 1639 5457 dc
1646 5400 1763 5456 Niconis
1778 5412 1861 5457 cano·

209 5492 244 5535 es
267 5476 493 5551 Carthaginensi,
518 5480 685 5552 Augustinus
707 5502 773 5546 aero
796 5505 830 5546 ιι
854 5489 1009 5548 ιιιιιιιιιιιι
1062 5495 1143 5552 nibus
1165 5494 1343 5567 lustrandum
1365 5509 1428 5556 esse
1450 5503 1581 5564 putarant
1601 5509 1633 5548 ιι
1657 5490 1815 5563 archetypis
1835 5499 1864 5548 et

212 5572 329 5646 1ιιθίῖθ·
1028 5599 1037 5611 “
1063 5588 1227 5647 authenticis
1241 5587 1317 5644 libris
1331 5587 1427 5645 Graece
1440 5586 1560 5658 scriptis.
1576 5586 1629 5643 Sed
1642 5584 1737 5643 eadem
1757 5588 1865 5642 ratione

251 5664 349 5725 Postea
371 5677 479 5726 mortuo
498 5670 554 5744 jam
574 5669 735 5729 Innocentio
755 5675 883 5734 uidentur
902 5679 1013 5753 plures,
1065 5682 1153 5739 dicans
1173 5680 1208 5737 de
1229 5679 1364 5736 Africanis
1382 5679 1532 5737 canonibus
1551 5679 1728 5751 judicandum
1748 5693 1811 5736 esse
1830 5693 1865 5735 ex

216 5755 419 5828 Desmontes,
442 5763 632 5839 Carthaginem
651 5779 746 5823 mrsus
779 5770 940 5828 convenisse
958 5774 1018 5843 epe
1066 5773 1229 5847 archetypis
1241 5773 1339 5831 Latine
1350 5772 1471 5845 asiptis.
1483 5772 1542 5832 Non
1556 5774 1646 5831 minus
1665 5775 1788 5846 ineptum
1806 5779 1864 5844 est,
